2034 3380
360 353 405 386 74
956 347 1246 383 WIDUKINDI

266 474 345 508 939.
360 469 526 510 cellum
561 471 668 522 pro²²
705 471 839 523 porta
870 469 1036 523 agitari
1067 469 1180 511 fecit
1217 472 1263 511 et
1304 483 1484 511 omnem
1524 484 1707 525 gregem
1747 485 1844 526 por·
2030 501 2034 524 .:

361 541 515 569 corum
548 527 718 582 apertis
739 528 883 582 portis
903 528 1026 568 intra
1046 528 1204 570 urbem
1227 529 1413 583 recepit.
1461 527 1609 579 Quam
1629 529 1843 570 iniuriam
2030 526 2034 572 i

361 587 453 627 dux
483 586 604 627 ferre
635 599 729 627 non
759 586 916 628 valens
948 588 1105 628 coacto
1139 587 1341 629 exercitu
1372 587 1552 629 obsedit
1579 587 1844 630 Immonem.
2030 599 2034 604 ·

359 644 448 686 Ι110
480 646 634 686 autem
665 644 863 699 plurima
884 659 1020 699 apum
1043 645 1251 687 examina
1272 646 1485 687 habuisse
1506 646 1655 687 fertur
1669 645 1695 696 1,
1729 659 1844 700 quae

358 704 576 757 frangens
616 703 809 758 proiecit
850 705 1009 745 contra
1050 705 1238 758 equites.
1310 705 1432 759 Apes
1473 706 1626 745 autem
1674 704 1844 746 aculeis
1869 715 1886 741 5

360 775 497 816 equos
529 762 820 804 stimulantes
850 762 899 803 in
929 762 1154 803 insaniam
1185 763 1439 813 vertebant,
1480 763 1549 804 ita
1582 765 1636 803 ut
1669 763 1844 817 equites

359 820 611 875 periclitari
657 821 923 875 coepissent.
1002 820 1102 871 Quo
1143 822 1238 863 viso
1280 822 1428 863 Immo
1468 822 1747 876 prospiciens
1789 823 1844 863 de

360 893 488 920 muro
530 879 815 933 eruptionem
857 892 960 920 cum
1001 880 1132 920 sociis
1172 876 1450 921 minitavitb.
1513 880 1845 922 Huiuscemodi

358 938 502 992 igitur
548 937 724 979 artibus
772 938 951 991 saepius
999 938 1091 979 dux
1137 938 1193 979 ab
1236 938 1442 979 Immone
1483 939 1668 980 delusus
1709 939 1845 980 solvit

360 996 656 1038 obsidionem.
735 995 986 1037 Discedens
1033 1009 1139 1037 vero
1186 997 1336 1038 fertur
1382 997 1568 1038 dixisse:
1624 996 1844 1039 ‘Immone
1870 1008 1904 1034 10

360 1068 538 1096 mecum
579 1054 806 1096 sentiente
847 1068 1002 1095 omnes
1043 1054 1286 1096 Lotharios
1325 1055 1463 1096 facile
1504 1057 1660 1109 captos
1701 1056 1844 1102 tenui,

360 1113 494 1155 modo
545 1113 693 1168 ipsum
756 1113 903 1154 solum
966 1126 1066 1154 cum
1130 1113 1341 1155 omnibus
1392 1113 1624 1155 Lothariis
1685 1127 1846 1168 capere

359 1185 562 1226 nequeo.
1619 1183 1623 1195 ²

501 1253 712 1294 XXIIII.
783 1253 998 1294 Tractum
1054 1254 1232 1295 tamdiu
1294 1254 1466 1296 bellum
1518 1254 1839 1296 Evurhardus⁰

360 1312 651 1354 considerans
682 1311 807 1352 ultra
839 1326 928 1353 non
962 1312 1176 1366 quiescit;
1219 1313 1329 1366 quin
1367 1315 1629 1367 contempto
1660 1325 1767 1367 rege
1799 1315 1846 1354 et
1872 1323 1905 1349 15

358 1371 455 1412 iure
503 1372 655 1424 spreto
701 1371 1074 1421 iuramentorum,
1128 1374 1180 1412 ut
1225 1368 1404 1421 initiod,
1453 1373 1662 1413 conserta
1707 1385 1847 1412 manu

360 1443 461 1471 011111
514 1429 791 1470 Isilberht00
849 1429 908 1470 ad
958 1429 1189 1471 incentiva
1246 1430 1471 1471 bellorum
1522 1430 1694 1485 pariter
1746 1443 1845 1471 con-

359 1488 548 1542 spirant.
610 1487 707 1529 Nec
741 1488 947 1529 contenti
976 1501 1117 1542 regno
1150 1488 1426 1530 occidentali
1466 1489 1763 1538 solummodo,
1797 1489 1846 1529 in

359 1547 476 1588 Reni
527 1546 797 1588 orientalem
849 1559 1008 1600 agrum
1062 1547 1434 1601 depopulandum
1490 1561 1594 1588 cum
1645 1547 1846 1588 exercitu

362 1605 703 1658 demerguntur.
762 1604 890 1646 Haec
923 1619 1024 1646 cum
1059 1605 1311 1646 audiuntur
1343 1604 1415 1646 *in
1447 1605 1607 1647 castris
1637 1605 1758 1660 regis
1791 1627 1846 1632 —
1870 1611 1907 1642 '20
2026 1628 2027 1631 ¹

361 1661 467 1704 nam
499 1676 552 1705 ea
589 1658 893 1718 tempestatef
928 1677 1006 1705 rex
1046 1666 1144 1705 erat
1184 1667 1424 1718 pugnansg
1459 1666 1619 1706 contra
1659 1663 1848 1718 Briseg²
1872 1652 1991 1686 ’μω

361 1725 407 1763 et
439 1721 551 1763 alias
583 1721 731 1772 urbes,
765 1735 880 1775 quae
913 1723 1044 1763 erant
1066 1718 1353 1764 Evurhardih
1390 1723 1576 1764 ditionis
1608 1745 1676 1773 -,
1710 1722 1846 1763 multi

360 1794 406 1822 se
447 1776 496 1821 ai
544 1781 703 1822 castris
749 1780 984 1831 eruebant,
1033 1794 1116 1822 nec
1162 1781 1286 1822 ultra
1331 1795 1433 1836 spes
1479 1783 1578 1823 erat
1623 1780 1846 1836 regnandi

361 1839 573 1881 Saxones.
635 1839 732 1880 Rex
762 1852 868 1880 vero
901 1835 983 1880 eak
1018 1839 1282 1881 turbatione
1321 1842 1455 1881 tanta
1495 1840 1753 1881 constantia
1793 1853 1845 1881 ac

359 1898 550 1952 imperio
580 1911 688 1938 usus
721 1893 835 1947 estl,
868 1897 978 1939 licet
1008 1901 1144 1939 rarom
1175 1898 1351 1940 milite3
1373 1898 1720 1952 constiparetur,
1753 1898 1846 1939 acsi
1871 1909 1906 1935 25
1947 1938 1949 1941 .

360 1956 504 1997 nichil
537 1956 579 1998 ei
611 1956 901 1997 difficultatis
933 1956 1174 1998 obviasset.
1231 1957 1350 1998 Nam
1382 1957 1547 1998 summi
1578 1956 1846 2012 pontifices4

359 2015 533 2056 relictis
563 2015 776 2056 tentoriis
804 2016 850 2056 et
872 2015 963 2056 alia
985 2015 1190 2069 qualibet
1212 2015 1566 2070 suppellectilin,
1598 2016 1686 2070 ipsi
1707 2015 1843 2057 etiam

361 2073 629 2115 defecerunt
661 2087 688 2114 a
718 2073 820 2114 fide.

360 2212 389 2240 a)
408 2217 462 2242 pre
481 2211 541 2238 Bl.
632 2211 662 2242 b>
681 2211 832 2236 minitatus
852 2214 898 2236 est
916 2212 981 2243 Β2;
1001 2211 1157 2237 minitabat
1177 2212 1266 2237 Saxo.
1358 2213 1384 2242 e)
1404 2210 1588 2237 euuthardus
1607 2212 1645 2243 Ο,-
1664 2210 1846 2237 enei-hardus

361 2248 396 2273 Α.
414 2246 440 2270 Β
452 2246 477 2272 2.
497 2246 588 2271 Samo.
669 2244 700 2279 d.)
719 2250 752 2271 ut
770 2246 799 2270 in
820 2247 905 2272 initio
926 2248 960 2274 A.
1039 2246 1066 2278 e)
1086 2247 1252 2272 Iselbertho
1271 2247 1341 2279 1523
1362 2247 1512 2272 hisberhto
1532 2247 1570 2278 G,·
1588 2246 1739 2278 gisilberto
1758 2247 1846 2274 Saxo.
1869 2244 1904 2270 30

359 2281 384 2311 f)
408 2283 554 2311 potestate
579 2281 641 2308 ΒΣ.
730 2282 760 2312 g)
784 2283 901 2313 puer(!)
927 2289 1061 2313 pugnans
1086 2282 1121 2308 A.
1212 2280 1242 2314 h)
1267 2280 1425 2307 euerhardi
1444 2283 1480 2308 A.
1498 2282 1565 2314 1323
1593 2280 1751 2307 cunthardi
1770 2288 1846 2309 corr.

361 2315 464 2341 euurh.
487 2316 516 2342 C.
600 2316 621 2347 i)
647 2323 664 2340 a
691 2323 745 2343 om.
764 2316 824 2343 B2.
915 2316 948 2349 k)
973 2317 1004 2341 in
1030 2323 1065 2341 ea
1089 2317 1151 2342 132.
1172 2317 1262 2343 Saxo.
1346 2317 1367 2347 1)
1392 2317 1438 2341 hic
1460 2317 1601 2348 finiuntur
1619 2317 1649 2341 in
1667 2317 1694 2341 A
1715 2317 1769 2341 illa
1788 2317 1845 2341 duo

360 2350 444 2381 folia,
464 2357 537 2382 quae
550 2351 638 2381 prius
650 2351 814 2375 desiderata
835 2358 863 2378 a.
876 2351 954 2379 1850,
972 2354 1088 2382 reperta
1106 2354 1180 2378 sunl.
1207 2352 1253 2382 Cf.
1273 2358 1364 2382 supra
1377 2359 1412 2383 p.
1423 2352 1467 2384 64,
1487 2359 1514 2380 n.
1527 2352 1556 2380 k.
1610 2351 1652 2385 m)
1673 2359 1771 2377 coram
1784 2352 1846 2380 1³2.

361 2385 393 2417 n)
411 2386 451 2410 sic
470 2386 506 2410 A.
529 2385 557 2412 C.
577 2386 704 2418 (Saxo)‚·
722 2386 926 2417 suppellectile
945 2387 1013 2419 B1;
1034 2386 1213 2417 supellectili
1232 2387 1295 2412 ΒΞ.

363 2501 396 2545 1)
431 2502 522 2535 Sunt
555 2504 616 2545 qui
647 2513 690 2536 ex
723 2503 858 2536 comitis
890 2504 1039 2546 nomine,
1075 2504 1167 2546 quod
1200 2513 1278 2536 eum
1311 2504 1474 2537 vocabulo
1501 2504 1711 2538 Germanico
1735 2503 1846 2538 imme
1870 2512 1904 2539 35

363 2548 480 2593 (impi)
502 2565 544 2576 =
571 2548 647 2592 apis
671 2552 835 2592 convenit,
862 2549 955 2583 hane
978 2552 1115 2592 famam
1140 2554 1264 2583 natam
1289 2561 1358 2584 esse
1376 2554 1513 2595 putent,
1539 2552 1608 2584 alii
1630 2552 1694 2595 qui
1715 2561 1754 2584 ex
1779 2551 1846 2584 hae

361 2597 463 2637 fama
486 2597 621 2629 comitto
644 2606 769 2630 nomen
775 2607 791 2637 ;
817 2598 861 2638 cf.
879 2597 1073 2640 Dic‘mmler,
1103 2597 1191 2631 ‘Otto
1212 2598 1246 2632 d.
1273 2597 1351 2635 Gr!
1367 2608 1406 2640 p.
1425 2599 1481 2641 87,
1507 2608 1544 2633 n.
1562 2599 1600 2642 23
1626 2598 1751 2631 Kurth
1775 2599 1799 2632 l.
1820 2598 1844 2633 l.

355 2653 394 2685 p.
413 2643 494 2677 324.
527 2642 740 2676 Memoriam
773 2644 911 2687 quidem
945 2644 1146 2685 fabulosam
1179 2649 1243 2677 aut
1275 2645 1456 2687 vulgarem
1480 2646 1689 2678 narrationi
1711 2644 1846 2678 subesse

362 2690 540 2723 concedere
559 2690 651 2724 licet.
722 2689 759 2735 2)
783 2691 1054 2724 Alt-Breisaeh
1078 2693 1117 2724 in
1139 2691 1260 2724 insula
1281 2691 1398 2725 Rheni
1417 2693 1536 2727 situm.
1579 2691 1636 2732 Cf.
1660 2691 1846 2725 Dammler

356 2747 394 2778 p.
413 2738 470 2779 89,
495 2747 531 2771 n.
552 2738 582 2772 1.
704 2736 740 2782 3)
777 2737 833 2779 Cf.
858 2748 972 2780 supra
1000 2749 1041 2780 p.
1063 2739 1120 2781 49,
1155 2739 1178 2773 l.
1205 2740 1270 2774 19:
1307 2749 1390 2772 cum
1423 2749 1506 2772 raro
1541 2737 1656 2771 milite
1692 2740 1844 2772 armato.
1867 2747 1903 2772 40
2019 2704 2034 2781 i

361 2782 520 2817 Hrotsm't
553 2794 583 2818 v.
607 2785 687 2827 256,
721 2784 772 2819 ed.
807 2785 848 2817 de
877 2785 1087 2826 Winterfeld
1115 2796 1154 2828 p.
1179 2786 1265 2820 211:
1299 2795 1505 2829 praepauco
1538 2783 1654 2818 milite
1689 2786 1843 2829 saeptus.

361 2829 397 2874 4)
432 2829 641 2864 Fridericus
678 2830 970 2875 archiepiscopus
1003 2830 1268 2876 Mogontiensis
1306 2834 1343 2866 et
1375 2830 1618 2865 Ruodhardus
1655 2830 1844 2876 episcopus

362 2874 653 2922 Strazburgensis
678 2876 761 2911 fixis
792 2877 831 2911 in
864 2877 1054 2912 obsidione
1087 2878 1252 2913 tentoriis
1287 2879 1324 2912 et
1355 2877 1491 2912 relictis
1525 2878 1722 2922 copiarum,
1758 2889 1845 2923 quas

361 2921 577 2967 detulerant,
603 2924 751 2958 sarcinis
774 2927 882 2959 nocte
904 2925 998 2959 clam
1024 2924 1244 2970 aufugerunt
1266 2925 1362 2960 Gom.
1385 2925 1470 2968 Rey.
1496 2935 1528 2960 a.
1548 2927 1627 2969 939,
1654 2925 1718 2961 SS.
1743 2936 1776 2961 r.
1801 2926 1843 2961 G.

356 2980 394 3011 p.
416 2971 493 3005 161.
537 2970 590 3012 Cf.
616 2971 722 3012 infra
747 2982 772 3006 c.
797 2973 853 3007 ⁵25.
1867 2980 1902 3007 4⁶
