2034 3380
375 320 559 357 RERUM
584 318 866 356 GESTABUM
889 318 1267 356 SAXONIOARUM
1291 319 1389 356 LIB.
1413 319 1444 356 Ι.
1612 322 1658 356 41

170 444 343 486 carceri
371 443 587 494 traditur,
620 442 700 484 sed
730 441 796 483 ibi
827 454 855 482 a
884 440 1083 482 Domino
1116 442 1163 483 et
1194 441 1496 484 multitudine
1527 454 1660 496 ange·

170 503 320 545 lorum
350 502 578 544 visitatur.
639 500 876 542 Postremo
906 501 1140 541 tormento
1172 500 1294 553 quod
1336 503 1513 542 catasta
1554 500 1659 542 dici-

170 564 247 603 tur
287 575 391 603 cum
421 561 632 602 Modesto
673 560 721 601 et
759 559 957 613 quadam
996 557 1144 600 nobili
1182 558 1357 600 femina
1398 559 1661 601 Crescentia

170 621 330 675 figitur
360 622 408 662 et
436 619 597 661 fractis
624 617 837 660 omnibus
867 617 1176 659 membrorum
1203 617 1405 659 motibus
1427 631 1454 658 a
1476 617 1660 659 Christo

170 679 445 722 consolatur.
497 677 616 719 Nam
647 676 844 718 fulmine
876 676 993 718 caeli
1022 678 1223 718 tortores
1243 676 1360 718 tacti
1382 679 1429 718 et
1448 676 1655 718 tonitrua

168 738 372 839 ἓξὲξᾚο
388 736 629 846 Ιίἓέἰῗᾞὲἒ
653 736 806 850 3211&
817 734 1250 836 51:532.ssssss
1242 735 1662 849 ¹¹²333310ffi¹323

167 856 234 898 ibi
255 869 360 898 eum
381 855 678 905 restituente;
711 856 760 896 et
788 853 955 895 ultima
982 853 1191 895 oratione
1221 853 1455 895 celebrata
1486 853 1661 895 animas

169 914 296 957 caelo
342 914 648 956 tradiderunt.
733 912 935 968 Corpora
979 926 1087 955 vero
1134 912 1383 963 Florentia,
1436 913 1661 967 quaedam

167 974 363 1015 illustris
406 972 624 1023 feminal,
675 974 826 1014 terrae
877 971 1071 1013 tradidit
1121 972 1171 1012 in
1222 972 1381 1013 eodem
1433 971 1535 1013 loco
1583 972 1661 1025 qui

169 1033 340 1075 dicitur
370 1032 605 1073 Marianus
617 1032 646 1072 2.
698 1031 809 1072 Eius
839 1030 1053 1072 ultimam
1081 1030 1336 1072 orationem
1355 1033 1465 1072 tuae
1486 1030 1661 1085 gloriae

169 1091 426 1146 significare
456 1091 624 1140 curavi,
656 1087 739 1131 utd
764 1090 872 1132 inde
894 1103 1059 1140 sumas,
1093 1103 1184 1144 quo
1206 1090 1304 1131 eius
1326 1103 1479 1131 amore
1501 1090 1661 1131 ardeas

169 1153 216 1193 et
262 1151 423 1192 ardore
467 1150 612 1204 ipsius
663 1149 830 1191 amoris
881 1150 1157 1204 perpetuum
1208 1149 1306 1191 eius
1352 1148 1660 1203 patrocinium

168 1209 397 1251 merearis.
487 1207 725 1259 ‘Domine’,
777 1208 976 1262 inquite,
1031 1207 1152 1249 ‘Iesu
1205 1207 1400 1258 Christe,
1453 1207 1521 1249 fili
1572 1207 1662 1249 Dei

167 1268 271 1319 vivi,
304 1268 471 1323 perfice
503 1262 811 1310 desideriumf
838 1266 987 1308 cordis
1019 1263 1206 1308 eorum*
1237 1268 1285 1308 et
1315 1266 1462 1309 libera
1494 1280 1571 1308 eos
1602 1266 1659 1308 ab

168 1326 379 1369 omnibus
418 1326 746 1394 inpedimentis
792 1325 930 1367 huius
970 1325 1143 1367 saeculi
1183 1327 1230 1367 et
1271 1325 1443 1380 perduc
1485 1339 1561 1367 eos
1602 1326 1662 1367 ad

167 1386 361 1441 gloriam
390 1388 534 1437 tuam,
566 1386 646 1440 qui
676 1399 759 1440 pro
791 1399 864 1427 me
894 1384 1157 1440 glorificant
1187 1387 1235 1426 te
1267 1386 1345 1426 etg
1372 1384 1537 1427 volunt
1568 1384 1660 1439 glo-

167 1445 276 1487 riari
307 1445 364 1487 de
395 1445 486 1487 mei
516 1444 725 1499 martyrii
755 1443 992 1499 passione‘.
1057 1444 1192 1485 Hanc
1223 1457 1381 1486 vocem
1414 1444 1660 1486 subsecuta

168 1507 238 1545 est
283 1499 495 1559 sponsioh
547 1503 728 1546 divinae
775 1503 1087 1558 promissionis
1133 1505 1235 1544 rata
1281 1504 1328 1545 et
1380 1503 1511 1544 firma
1562 1517 1659 1545 esse

107 1578 144 1602 20
168 1563 322 1605 omnia
353 1576 469 1617 quae
500 1564 720 1617 rogasset.
767 1562 879 1604 Post
910 1562 1058 1603 multa
1078 1562 1215 1604 vero3
1234 1564 1444 1617 tempora
1465 1562 1659 1604 Romam

168 1622 355 1665 veniens
386 1622 573 1676 quidam
604 1617 855 1663 Fulradusi
896 1621 1108 1663 nomine4
1139 1623 1187 1663 et
1226 1621 1293 1663 ibi
1333 1624 1463 1676 gesta
1501 1621 1659 1676 legens

167 1681 362 1736 preciosi
406 1680 620 1736 martyris
664 1681 845 1722 notavit
894 1680 1047 1722 locum
1093 1679 1305 1735 sepulcri.
1367 1680 1658 1735 Veniensque

167 1740 339 1782 levavit
368 1739 585 1794 reliquias
618 1753 768 1781 sacras
801 1741 848 1781 et
880 1734 1152 1781 collocavitk
1188 1752 1264 1781 eas
1294 1739 1344 1780 in
1383 1753 1502 1794 pago
1533 1739 1657 1780 Pari-

168 1798 302 1841 siaco.
351 1798 468 1841 Inde
500 1800 723 1853 regnante
744 1793 1066 1840 Hlut-howicol
1096 1798 1373 1853 imperatore
1404 1797 1658 1840 translatae

107 1871 143 1897 25
167 1860 276 1900 sunt
315 1858 366 1899 in
397 1857 654 1908 Saxoniam,
697 1859 744 1899 et
776 1859 830 1899 ut
861 1857 1042 1912 legatus
1073 1856 1238 1899 Karoli
1268 1857 1503 1899 confessus
1545 1857 1656 1907 est5,

168 1930 223 1959 ex
254 1917 341 1959 hoc
371 1930 444 1960 res
475 1917 756 1959 Francorum
787 1918 1038 1971 coeperunt
1078 1916 1237 1967 minui,
1280 1916 1512 1958 Saxonum
1551 1930 1658 1958 vero

317 2031 351 2089 *)
383 2039 455 2087 qui
483 2039 529 2075 in
558 2040 633 2075 tuo
663 2039 835 2076 nomine
865 2038 1016 2076 volunt
1045 2039 1214 2087 gloriari
1251 2038 1302 2075 de
1343 2038 1428 2075 mei
1466 2038 1658 2086 martyrii

379 2097 575 2183 clinissitoene
610 2102 731 2146 perqit
759 2101 794 2135 B
814 2103 846 2145 1,
878 2102 943 2135 ubi
970 2111 1056 2135 mox
1094 2099 1137 2134 et
1175 2097 1326 2134 volunt
1365 2115 1424 2120 —
1462 2097 1658 2146 passione

404 2160 489 2183 esun
529 2177 536 2185 .

109 2245 144 2271 30
168 2245 197 2275 a)
215 2243 345 2269 tonitruo
363 2243 424 2271 Bl.
496 2243 527 2275 b)
546 2246 590 2269 est
608 2250 663 2271 om.
680 2243 743 2268 Bl.
817 2244 844 2274 c)
863 2243 894 2268 in
910 2243 978 2268 loco
999 2250 1053 2270 om.
1072 2242 1103 2270 C.
1175 2241 1206 2275 d)
1225 2246 1259 2269 ut
1278 2241 1346 2268 inde
1358 2250 1456 2268 sumas
1470 2250 1526 2271 om.
1541 2243 1658 2269 Meibom

162 2287 197 2311 p.
216 2280 249 2304 ll
266 2279 358 2311 (639).
429 2280 457 2310 e)
475 2279 545 2305 Iesu
564 2278 693 2312 Christe,
709 2279 808 2310 inquit
825 2279 889 2306 ΒΞ.
960 2279 986 2310 f)
1002 2279 1132 2311 nequatur
1148 2285 1246 2304 meum
1268 2279 1345 2304 linea
1362 2279 1506 2310 perducta
1530 2279 1611 2306 delet.
1630 2280 1659 2306 C.

168 2314 198 2347 g)
217 2315 256 2345 cf.
275 2322 367 2346 supra
385 2322 414 2342 n.
426 2314 452 2342 ³.
524 2314 557 2347 h)
575 2313 636 2341 div.
655 2321 700 2346 sp.
717 2321 810 2346 prom.
830 2314 893 2342 Bl.
967 2314 990 2346 i)
1009 2312 1142 2340 folradus
1161 2314 1196 2341 Δ,
1214 2314 1300 2341 Frut.
1379 2314 1410 2345 k)
1429 2314 1541 2340 locauit
1559 2314 1587 2339 F
1586 2317 1643 2342 rut.
1649 2323 1659 2345 ‚-

169 2350 386 2382 collocauitque
404 2349 466 2378 ΒΞ.
537 2350 560 2383 l)
578 2348 724 2376 ludewico
743 2350 780 2378 A.
799 2350 900 2381 Frue.,·
918 2349 1104 2375 Luthouuico
1122 2350 1190 2382 1323
1211 2350 1387 2375 hluthuuieo
1407 2350 1437 2377 C.

170 2446 205 2487 1)
245 2444 344 2478 Haec
382 2445 423 2477 in
458 2445 655 2488 posteriore
695 2444 731 2480 S.
769 2444 846 2478 Viti
883 2444 1038 2478 historia
1076 2443 1292 2488 principissa
1331 2442 1475 2478 Salerni
1515 2445 1658 2479 dicitur.

110 2500 145 2526 ³5
170 2491 207 2533 2)
243 2489 311 2524 Ubi
341 2491 398 2524 hic
423 2490 516 2525 locus
539 2492 630 2525 situs
653 2495 749 2535 emt,
783 2502 885 2536 saepe
917 2501 959 2524 ao
982 2492 1135 2525 multum
1168 2492 1463 2535 disputavermnt5
1495 2492 1543 2533 cf.
1569 2492 1659 2525 Acta

170 2537 234 2573 SS.
271 2538 294 2573 Ζ.
320 2538 343 2573 Ζ.
373 2550 412 2582 p.
438 2539 510 2574 504
531 2549 605 2582 sqq.
663 2539 862 2572 Secundum
896 2542 1059 2572 nostrum
1093 2538 1192 2572 haud
1232 2538 1336 2572 dubie
1371 2540 1478 2572 iuxta
1514 2538 1589 2572 Sele
1621 2539 1658 2580 tl.

170 2586 300 2628 quam·
320 2585 425 2620 debet.
545 2585 584 2630 3)
619 2585 676 2627 Cf.
704 2586 849 2621 Transl.
878 2585 916 2621 S.
938 2586 1025 2628 Viti,
1057 2585 1122 2621 SS.
1148 2585 1202 2629 ΙΙ,
1231 2597 1271 2629 p.
1297 2586 1367 2622 576
1384 2596 1457 2629 sqq.
1487 2589 1518 2619 et
1547 2584 1658 2628 Jaffe',

170 2631 262 2667 Bibl.
293 2632 325 2675 I,
357 2643 394 2676 p.
419 2633 444 2668 4
459 2643 532 2676 sqq.
652 2633 690 2677 4)
717 2633 838 2666 Abbas
860 2633 1072 2667 monasterii
1094 2633 1130 2668 S.
1156 2633 1325 2676 Dionysii
1342 2643 1458 2676 prope
1482 2632 1660 2665 Lutetiam

170 2679 398 2714 Parisiorum
422 2681 464 2722 (†
481 2680 579 2720 784).
699 2678 736 2725 5)
764 2680 820 2721 Cf.
845 2690 960 2724 supra
978 2691 1018 2724 p.
1044 2681 1104 2723 39,
1130 2680 1154 2713 Ζ.
1178 2680 1225 2715 26
1249 2690 1323 2723 sqq.
1436 2680 1473 2722 6)
1508 2679 1661 2712 Textum

68 2758 71 2759 γ
110 2736 147 2762 40
170 2726 296 2760 codicis
319 2727 387 2762 B1
412 2726 583 2761 Passioni
603 2726 642 2762 S.
666 2727 742 2760 Viti
763 2727 871 2770 (Aeta
894 2726 959 2762 SS.
986 2727 1010 2763 Ζ.
1026 2727 1052 2762 Ζ.
1079 2738 1121 2771 p.
1146 2728 1233 2765 503)
1266 2727 1423 2760 mazime
1455 2730 1488 2760 et
1519 2726 1661 2760 verbum

170 2773 270 2807 verbo
301 2784 493 2816 conyruere
519 2774 562 2807 de
585 2774 738 2817 Simon,
767 2773 824 2809 (Ν.
849 2773 1002 2808 Archiv’
1026 2773 1117 2815 XII,
1140 2785 1181 2817 p.
1206 2775 1276 2810 597
1289 2785 1339 2818 sq.
1372 2773 1438 2816 (cf.
1462 2773 1547 2808 ibid.
1573 2773 1661 2815 XV,

169 2831 206 2863 p.
231 2821 331 2863 572),
360 2823 558 2865 perspexit.
606 2821 674 2855 Sed
698 2831 776 2854 oum
801 2821 835 2855 B
852 2822 886 2863 2,
921 2822 987 2864 qui
1011 2830 1090 2854 oum
1113 2821 1224 2854 codice
1249 2821 1282 2854 Β
1305 2823 1324 2856 1
1350 2821 1544 2854 consentire
1566 2821 1660 2863 solet,

172 2866 229 2900 hic
263 2867 418 2902 oodkum
453 2869 488 2902 A
528 2872 559 2902 et
599 2867 629 2901 C
668 2868 829 2902 exhibeat
870 2868 1058 2910 lectionem,
1100 2871 1252 2911 apparet
1291 2868 1447 2909 fratrem
1486 2867 1661 2911 quendam

173 2913 409 2948 &orbo-'mem
445 2916 499 2949 vel
530 2925 775 2959 quemcumque
808 2915 1000 2949 librarium
1032 2916 1227 2949 orationem
1261 2915 1297 2950 S.
1332 2915 1410 2948 Viti
1443 2925 1460 2949 e
1492 2915 1662 2949 Passione

112 2969 148 2995 45
171 2961 248 2993 eius
271 2962 311 2994 in
329 2963 527 3005 pristinam
551 2963 707 3005 formam
732 2964 771 2996 in
797 2962 831 2996 B
848 2964 867 2998 1
894 2963 1075 3005 redeyisse.
