2034 3380
370 351 417 385 68
564 364 566 366 v
967 336 1257 376 WIDUKINDI

279 472 358 507 939.
371 466 569 513 tantum,
602 475 660 504 ne
690 462 787 503 reia
822 461 1053 502 fraternae
1086 458 1337 500 discordiae
1376 455 1704 498 invenirentur.
1767 455 1853 496 Da-

372 522 485 564 bant
514 523 672 562 tamen
704 518 956 567 consilium,
998 530 1087 571 quo
1118 516 1301 558 facilius
1342 514 1516 556 bellum
1556 509 1853 563 solvereturb‚

371 582 426 621 ut
456 578 673 620 videlicet
702 577 799 632 ipse
831 576 1109 629 relinqueret
1142 574 1382 615 Saxoniam
1424 572 1507 614 sub
1549 571 1747 626 presidio
1778 572 1855 612 mi-

372 637 499 679 litari
529 637 602 678 et⁰
640 647 736 677 sese
766 629 987 676 inferretd
1022 632 1299 681 Lothariis0,
1332 631 1488 685 generi
1524 630 1760 671 hominum
1791 630 1856 670 111-

373 693 534 745 be11i13
583 695 630 735 et
674 693 741 734 ita
786 692 962 734 factum
1010 693 1092 740 est,
1139 692 1193 731 ut
1238 690 1384 744 primo
1430 690 1592 743 inpetu
1625 683 1728 730 eosf
1778 701 1857 730 rex
1882 704 1901 730 5

374 753 635 796 devinceret
666 753 714 793 et
743 764 837 792 uno
868 749 1117 791 certamine
1147 748 1369 802 fatigaret
1382 748 1410 787 2.
1483 746 1857 789 Commilitonum

372 812 528 865 itaque
561 809 800 851 consulto&
835 802 1076 856 Saxoniah,
1108 809 1162 847 ut
1202 807 1411 855 diximus,
1452 806 1613 847 relicta
1654 807 1700 847 et
1739 805 1857 865 urbi-

374 870 459 911 bus
482 868 703 910 Saxoniae
734 866 807 908 vel
837 866 886 906 in
907 865 1246 918 'thuringorum
1265 866 1390 905 terra
1417 864 1613 917 presidio
1636 863 1849 905 militari¹

373 922 602 975 traditisk,
644 926 741 980 ipse
782 938 884 965 cum
926 923 1082 964 amicis
1122 922 1364 963 Lotharios
1405 917 1548 962 aditl.
1612 921 1752 963 Cuius
1792 921 1859 963 rei

375 986 501 1027 fama.
531 983 734 1036 undique
766 994 921 1023 omnes
952 980 1164 1034 perculsi,
1207 980 1315 1034 quia
1353 982 1449 1021 tam
1490 979 1756 1021 subitaneae
1794 993 1858 1021 re·
1885 996 1920 1021 10

376 1042 590 1085 cessionis
622 1055 650 1082 a
679 1053 785 1094 rege
822 1053 874 1080 ac
914 1039 1178 1093 repentinim
1209 1037 1321 1080 belli
1361 1051 1543 1079 causam
1585 1037 1767 1092 penitus
1797 1037 1860 1092 ig-

375 1100 647 1142 norabantn.
694 1099 792 1140 Rex
823 1099 977 1138 autem
1001 1097 1160 1138 audita
1180 1096 1497 1138 huiuscemodi
1516 1096 1642 1137 fama
1664 1096 1860 1150 primum

376 1172 469 1200 non
500 1157 707 1206 credidit,
741 1159 970 1211 postremo
1003 1157 1179 1197 certum
1212 1155 1268 1197 de
1301 1154 1411 1196 belli
1440 1154 1627 1208 negotio
1649 1154 1858 1208 probans,

376 1216 521 1258 nichil
567 1217 770 1257 moratus
817 1228 919 1256 cum
967 1214 1168 1256 exercitu
1215 1215 1509 1268 prosecutus⁰
1547 1215 1616 1254 est
1655 1213 1859 1254 fratrem.

378 1275 438 1315 Et
485 1276 566 1315 utp
611 1273 852 1328 appropiat
899 1272 1003 1314 urbi
1050 1272 1257 1326 presidiis
1297 1272 1454 1312 fratris
1500 1272 1704 1312 munitae
1745 1284 1860 1325 quae
1887 1287 1921 1312 15

379 1333 548 1374 dicitur
578 1331 965 1380 Throtmanni‘l·3‚
998 1330 1168 1372 milites
1199 1330 1278 1384 qui
1309 1331 1439 1372 erant
1478 1330 1527 1370 in
1559 1343 1624 1380 ea,
1666 1343 1759 1371 non
1797 1329 1861 1370 in-

378 1403 599 1432 memores
649 1390 864 1431 fortunae
915 1389 1202 1439 Thancmari,
1265 1401 1551 1442 nequaquam
1603 1389 1711 1429 sunt
1763 1388 1862 1428 ausi

378 1449 494 1490 inibi
524 1461 679 1503 regem
711 1449 962 1503 expectare,
996 1448 1074 1489 sed
1107 1447 1275 1501 egressi
1315 1447 1454 1488 urber
1491 1446 1783 1487 tradiderunt
1814 1459 1861 1488 se

378 1507 500 1561 ipsos
539 1507 650 1561 regi.
713 1506 824 1547 Erat
870 1508 1024 1547 autem
1070 1505 1266 1559 Aginas,
1314 1505 1393 1559 qui
1432 1504 1561 1545 illam
1600 1504 1759 1546 urbem
1803 1505 1862 1546 ad

379 1578 566 1606 manum
598 1564 806 1605 Heinrici
845 1577 1087 1618 procurare
1129 1564 1328 1605 deberet.
1391 1563 1480 1604 Hic
1521 1576 1549 1603 a
1587 1576 1693 1616 rege
1732 1563 1863 1604 vehe-
1888 1580 1923 1605 20

379 1623 526 1664 menti
554 1623 812 1664 iuramento
844 1622 1131 1672 constrictus,
1169 1622 1398 1675 quatinus,
1440 1621 1478 1662 si
1516 1623 1683 1675 posset,
1726 1621 1863 1662 domi-

380 1693 491 1720 num
522 1693 656 1721 suum
687 1693 715 1721 a
745 1679 867 1721 bello
898 1680 958 1720 ad
996 1693 1155 1734 pacem
1196 1682 1243 1721 et
1283 1679 1571 1721 concordiam
1615 1682 1861 1728 revocaret,

380 1738 453 1780 vel
485 1739 608 1779 certe
638 1737 736 1792 ipse
768 1737 827 1778 ad
857 1750 1011 1791 regem
1041 1740 1359 1787 reverteretur,
1400 1738 1468 1779 ita
1506 1738 1716 1779 dimissus
1748 1738 1864 1779 adiit

381 1796 617 1838 dominum
649 1809 795 1836 suum.
847 1795 1026 1836 Ductus
1058 1798 1213 1837 autem
1234 1796 1458 1838 exercitus
1480 1810 1507 1837 a
1526 1810 1634 1851 rege
1655 1797 1864 1851 pervenit

381 1866 524 1908 usque
556 1854 614 1895 ad
645 1850 807 1895 litorat
845 1853 962 1894 Reni
991 1852 1206 1895 fluminis.
1888 1871 1923 1897 25

290 1928 369 1964 938.
523 1923 650 1965 XVI.
702 1924 769 1965 Eo
808 1926 1013 1978 tempore
1025 1923 1054 1974 4,
1096 1937 1185 1978 quo
1226 1926 1326 1966 erat
1367 1924 1539 1966 bellum
1572 1923 1858 1966 Evurhardiu

383 1994 487 2022 cum
516 1994 636 2036 rege,
678 1982 840 2023 missus
872 1981 1159 2032 Hadaldusv‚
1192 1982 1271 2036 qui
1302 1985 1401 2023 erat
1432 1995 1568 2036 super
1599 1982 1862 2024 cubiculum

380 2039 514 2093 regis,
547 2040 606 2080 ad
637 2039 970 2081 IsilberhtumW
1000 2053 1082 2094 pro
1115 2040 1358 2082 concordia
1389 2042 1436 2082 et
1466 2053 1590 2095 pace,
1629 2054 1732 2082 cum
1764 2054 1863 2083 nec-

383 2097 492 2138 dum
532 2097 590 2138 ad
624 2096 844 2139 ‘neutram
879 2098 1058 2151 partem
1096 2097 1246 2151 palam
1289 2098 1642 2149 declinaretur¹,
1673 2099 1862 2154 indigne

382 2154 641 2208 suscipitur,
675 2157 722 2196 et
752 2155 1014 2208 responsioy
1050 2155 1106 2197 de
1138 2156 1212 2197 die
1242 2156 1292 2197 in
1323 2156 1441 2198 diem
1476 2157 1699 2199 differtur.
1756 2157 1861 2212 Ipse
1887 2175 1923 2202 80

383 2214 537 2254 autem
573 2211 832 2253 simultates
862 2212 991 2253 ducis
1031 2213 1231 2255 sentiens
1270 2227 1354 2256 nec
1394 2214 1519 2256 ultra
1558 2215 1730 2257 talibus
1770 2229 1861 2257 ver-

382 2348 413 2382 a)
430 2349 493 2382 regi
512 2349 573 2376 ΒΒ.
646 2350 678 2384 b)
696 2348 907 2377 dissolueretur
924 2350 987 2376 Bl.
1060 2350 1087 2381 c)
1106 2352 1140 2376 ut
1157 2350 1219 2376 ΒΞ.
1237 2350 1268 2376 C.
1332 2349 1364 2383 d)
1381 2350 1507 2376 inferior
1524 2350 1551 2375 B
1562 2351 1588 2377 1.
1656 2349 1684 2384 e)
1702 2351 1862 2377 Letharius

381 2384 452 2417 Bm
470 2385 648 2416 lotharingis
667 2386 747 2411 Saxo
765 2386 793 2413 h.
812 2386 833 2413 l,
905 2384 927 2417 f)
946 2391 999 2410 rex
1018 2391 1068 2410 eos
1086 2385 1122 2412 A.
1189 2384 1222 2417 g)
1240 2385 1376 2410 consultu
1393 2385 1454 2412 B2.
1473 2385 1562 2411 saxo.
1627 2384 1660 2418 h)
1678 2386 1809 2412 Saxonis
1827 2401 1860 2405 —

381 2419 505 2444 urbibus
525 2426 580 2446 om.
600 2420 662 2448 32.
723 2419 745 2452 i)
763 2419 848 2446 milit.
865 2426 920 2447 om.
935 2419 961 2444 Β
972 2420 1002 2452 1;
1021 2419 1106 2446 milit.
1125 2425 1169 2450 pr.
1187 2419 1276 2445 Saxo.
1342 2419 1375 2451 k)
1395 2418 1505 2446 tradito
1524 2420 1586 2447 132.
1650 2419 1672 2453 l)
1690 2422 1731 2446 sie
1750 2421 1810 2449 ΒΞ.
1823 2422 1861 2453 C,-

382 2452 458 2479 :din
482 2454 550 2486 313
578 2453 696 2480 adierat
718 2455 815 2485 Suam,-
841 2454 1009 2478 membrana
1031 2454 1190 2484 perforata
1216 2454 1299 2479 delet.
1324 2454 1361 2482 A.
1444 2456 1484 2486 m)
1511 2455 1666 2487 repentine
1693 2463 1746 2483 seo.
1772 2464 1861 2482 mana
1885 2458 1920 2484 35

382 2495 456 2515 corr.
487 2489 636 2519 repentini
665 2489 692 2514 B
706 2490 731 2516 1.
837 2489 870 2519 n)
898 2488 1055 2520 ignorabat
1084 2488 1114 2515 C.
1221 2490 1250 2519 ο)
1280 2491 1454 2520 persecutus
1482 2490 1509 2515 B
1524 2491 1548 2517 1.
1581 2490 1670 2518 Saxo.
1769 2490 1801 2524 p)
1828 2494 1862 2518 ut

384 2529 438 2550 om.
466 2523 497 2547 C.
605 2522 636 2555 q)
663 2523 704 2548 sic
730 2523 766 2550 A.
793 2523 859 2548 131.
878 2523 912 2557 2;
940 2523 1109 2548 than-manni
1136 2523 1176 2554 C,-
1209 2524 1371 2549 trotmanni
1397 2524 1493 2555 Saum,-
1523 2524 1705 2551 Trotmunde
1732 2526 1862 2554 Gabalum.

382 2555 410 2589 r)
438 2557 541 2582 urbem
565 2557 592 2581 B
607 2558 633 2584 1.
730 2556 755 2589 s)
783 2557 894 2588 hagina
917 2557 953 2582 A.
1050 2558 1074 2588 t)
1100 2557 1169 2582 litus
1194 2557 1220 2582 B
1236 2559 1267 2590 13
1296 2558 1399 2583 littora
1422 2559 1448 2583 Β
1464 2559 1489 2586 2.
1587 2561 1617 2590 u)
1645 2561 1802 2588 eberhard.
1828 2562 1860 2590 A.

381 2591 464 2616 Frut.
484 2591 582 2622 841330,-
600 2590 767 2616 Euerhard.
787 2592 848 2617 B2.
928 2593 959 2622 v)
983 2591 1129 2617 Haaldutn
1147 2592 1178 2616 in
1196 2599 1247 2617 suo
1266 2593 1464 2624 Manuscripto
1484 2594 1629 2625 amellam·
1646 2595 1860 2621 nobilissimum

382 2628 411 2650 et
429 2626 491 2657 regi
509 2625 765 2657 consanguinitate
783 2626 971 2651 coniunctum
991 2626 1156 2651 alucinatur
1172 2626 1264 2651 Fallet
1282 2635 1317 2658 p.
1336 2628 1399 2655 584.
1486 2628 1526 2661 w)
1550 2629 1715 2655 isilbertum
1733 2631 1770 2656 A.
1790 2631 1858 2663 313
1883 2633 1920 2658 40

380 2659 599 2685 Giselberthum
616 2661 684 2693 1323
709 2660 874 2686 isberhtnm
893 2661 932 2691 C;
955 2661 1149 2693 giselbertum
1166 2661 1266 2692 Frut.,·
1283 2662 1467 2693 gisilbertum
1485 2663 1575 2692 Saxo.
1645 2664 1677 2698 x)
1695 2664 1860 2692 declinaret

381 2695 442 2722 132.
461 2695 550 2722 saxo.
621 2696 652 2728 y)
671 2702 812 2727 responso
830 2695 866 2721 A.
883 2695 915 2721 G.

383 2795 418 2841 1)
445 2797 501 2850 CT·
532 2808 646 2842 supra
672 2809 714 2841 p.
738 2800 795 2840 37,
821 2809 857 2834 n.
882 2798 907 2834 f.
950 2799 1087 2835 Sueton.
1115 2799 1211 2835 Cae-9.
1235 2811 1262 2836 c.
1287 2802 1354 2836 35:
1388 2800 1434 2835 de
1464 2803 1540 2835 tam
1570 2801 1697 2837 inbelli
1724 2814 1858 2847 genere

381 2842 550 2879 hostmm.
669 2845 706 2888 2)
741 2845 797 2886 Cf.
832 2845 874 2879 de
906 2845 969 2879 hoc
1001 2846 1071 2879 loco
1094 2846 1291 2889 Dilmmler,
1327 2845 1417 2880 ‘Otto
1440 2847 1473 2882 d.
1502 2847 1574 2883 Gr!
1595 2859 1633 2891 p.
1660 2851 1718 2891 81,
1751 2861 1787 2886 n.
1812 2853 1856 2895 33

381 2888 422 2922 de
439 2889 590 2932 Simson,
615 2890 675 2924 ίΝ.
692 2890 836 2924 Archiv?
849 2891 936 2933 XV,
959 2902 994 2934 p.
1013 2893 1094 2934 571,
1120 2902 1155 2926 n.
1173 2894 1205 2927 2.
1287 2893 1324 2935 3)
1350 2892 1563 2929 Dortmund.
1648 2896 1685 2939 4)
1713 2896 1857 2931 Prioris
1879 2903 1918 2930 45

381 2933 461 2968 belli
482 2939 633 2979 tempore
656 2946 689 2971 a.
708 2937 802 2976 938,·
825 2937 871 2977 cf.
897 2937 1083 2970 Dammler
1107 2937 1127 2972 l.
1147 2937 1169 2973 l.
1190 2949 1228 2981 p.
1247 2939 1304 2980 74,
1330 2948 1366 2971 n.
1384 2940 1416 2974 2.
