2034 3380
378 335 563 372 RERUM
589 333 873 372 GESTABUM
897 333 1276 370 SAXONICARUM
1299 333 1399 371 Lm.
1424 333 1455 371 I.
1617 336 1664 371 17

175 459 441 515 corporibus
493 456 836 513 expendebant;
889 455 1056 497 deinde
1107 455 1256 510 prima
1305 456 1466 510 vigilia
1515 456 1665 499 noctis

174 519 284 560 dato
316 519 461 573 signo,
493 530 584 571 qua
613 515 732 558 solet
771 527 907 569 sopor
946 514 1129 568 gravior
1168 528 1391 570 occupare
1432 516 1663 565 mortales,

171 578 368 633 sumptis
389 577 540 624 armis,
561 574 837 630 precedente
859 574 974 615 duce
1001 573 1214 615 irruunt³¹
1241 587 1379 628 super
1406 588 1572 625 muros,
1601 575 1665 616 in·

172 637 498 690 venientesque
549 635 647 676 sine
699 633 868 687 vigiliis
922 646 975 674 ac
1026 633 1260 682 custodiis,
1311 633 1507 687 ingressi
1556 637 1664 675 sunt

131 713 148 737 5
172 696 333 738 urbem
379 708 479 736 cum
529 693 727 735 clamore
771 692 938 734 valido.
1017 691 1118 742 Quo
1165 692 1355 734 excitati
1400 692 1663 743 adversarii,

172 755 253 796 alii
281 754 397 809 fuga
428 753 625 795 salutem
657 752 965 806 quaesierunt,
999 751 1079 792 alii
1110 764 1192 806 per
1222 751 1400 806 plateas
1431 753 1480 793 et
1510 765 1665 793 muros

170 813 298 855 urbis
338 815 392 854 ut
433 812 548 855 ebrii
589 812 875 862 erraverunt,
917 810 999 852 alii
1036 811 1087 851 in
1128 810 1349 859 Saxones,
1398 811 1519 852 cives
1558 824 1665 852 suos

170 874 401 928 putantes,
434 871 711 914 inciderunt.
774 870 855 911 Illi
884 884 992 912 vero
1024 883 1181 912 omnes
1222 870 1456 925 perfectae
1496 870 1663 912 aetatis

171 932 309 974 morti
339 931 646 981 tradiderunt,
679 930 925 985 inpuberes
950 929 1119 984 predae
1140 932 1437 971 servaverunt
1451 929 1480 969 ¹.
1534 929 1665 971 Erat-

112 1007 147 1032 10
171 1005 260 1046 que
304 1005 396 1032 nox
441 990 524 1032 illa
569 989 710 1045 plena
755 988 1053 1038 clamoribus,
1106 989 1246 1031 caede
1298 991 1437 1043 atque
1486 988 1662 1043 rapina,

171 1050 418 1104 nullusque
464 1049 592 1091 locus
637 1049 687 1090 in
733 1048 859 1090 omni
898 1048 1012 1090 urbe
1051 1048 1257 1102 quietus,
1307 1048 1452 1090 donec
1499 1061 1665 1089 aurora

172 1109 368 1159 rutilans
429 1109 577 1163 surgit
591 1109 608 1133 2
662 1111 710 1150 et
769 1108 1059 1149 incruentam
1122 1107 1329 1149 declarat
1379 1107 1619 1149 victoriam
1633 1106 1662 1147 3.

173 1168 378 1223 Cumque
410 1181 549 1223 penes
585 1180 755 1222 regem,
786 1166 1005 1208 videlicet
1036 1161 1444 1217 Irminffldumb·⁴,
1487 1179 1665 1208 summa

171 1228 389 1269 victoria⁰
427 1229 560 1277 esset,
601 1226 851 1280 requisitus
883 1239 987 1267 cum
1028 1239 1168 1267 uxore
1207 1221 1290 1267 acd
1326 1225 1434 1266 filiis
1477 1238 1530 1267 ac
1560 1238 1664 1266 raro

112 1302 146 1328 15
171 1287 396 1329 comitatu
426 1286 622 1328 evasisse
652 1286 864 1340 repertus
896 1287 979 1327 est.

312 1357 454 1398 XII.e
511 1357 649 1398 Mane
695 1357 850 1398 autem
890 1355 1018 1397 facto
1065 1355 1123 1397 ad
1164 1354 1436 1397 orientalem
1482 1356 1664 1410 portam

171 1419 349 1472 ponunt
381 1416 595 1471 aquilam,
638 1428 855 1469 aramque
886 1415 1106 1456 victoriae
1148 1416 1467 1456 construentes
1508 1427 1664 1456 seeun-

171 1477 280 1518 dum
322 1489 520 1518 errorem
564 1476 810 1530 paternum
850 1487 979 1516 saera
1019 1488 1102 1515 sua
1142 1474 1329 1529 propria
1366 1473 1663 1516 veneratione

171 1535 375 1577 venerati
422 1537 550 1576 sunt:
597 1534 783 1576 nomine
825 1533 1045 1584 Martem,
1089 1528 1273 1588 effigies
1314 1533 1663 1587 columpnarum

110 1610 145 1635 20
170 1595 405 1636 imitantes
428 1593 692 1643 Herculem,
723 1593 825 1635 loco
848 1592 1047 1642 Solemg,
1080 1606 1214 1647 quem
1238 1591 1404 1634 Graeci
1424 1591 1664 1647 appellant

132 1674 135 1675 ⁷
171 1653 435 1708 Apollinem
449 1653 478 1693 ⁵.
556 1652 625 1694 Ex
664 1653 751 1694 hoc
796 1654 988 1707 apparet
1034 1646 1431 1694 aestimationemh
1476 1651 1663 1692 illorum

170 1781 200 1812 a)
223 1787 281 1813 seq.
306 1780 337 1805 in
361 1783 459 1805 eastra
484 1786 560 1809 eras.
583 1780 610 1804 B
624 1781 647 1807 1.
737 1780 768 1810 b)
791 1779 833 1804 sic
856 1779 884 1806 h,
905 1779 924 1806 l.
949 1779 1036 1803 etiam
1061 1778 1091 1806 C.
1182 1777 1210 1811 c)
1233 1780 1274 1804 stc
1292 1780 1328 1806 Α.
1347 1779 1395 1810 C.;
1413 1778 1538 1804 victorie
1556 1778 1618 1805 Bl.
1637 1778 1664 1805 2.

169 1816 309 1841 Dubitari
320 1818 426 1848 potest,
445 1816 515 1848 quid
527 1815 754 1848 praeferendum
772 1815 828 1846 eit,·
845 1821 934 1847 neque
952 1815 1006 1839 alit·
1020 1814 1188 1839 {mulcandi
1206 1815 1263 1839 loct·
1279 1816 1387 1839 certum
1400 1814 1545 1839 auxilium
1557 1814 1667 1844 ferunt,

170 1852 310 1877 SImn'Iiter
334 1852 417 1882 infra
433 1859 468 1883 p.
486 1851 531 1883 33,
557 1851 578 1879 l.
595 1852 621 1879 7.
645 1851 671 1878 8.
696 1853 721 1875 et
745 1850 833 1876 acibi:
858 1857 958 1876 rerum
984 1850 1170 1882 publicarum
1195 1857 1321 1881 summa,
1348 1849 1398 1874 eod
1422 1850 1548 1874 similius
1566 1857 1599 1882 p.
1617 1849 1663 1881 23,

110 1886 145 1912 25
170 1887 190 1913 l.
206 1889 220 1912 1
231 1894 289 1919 eq..·
304 1887 402 1912 Penes
415 1885 571 1912 Oddonem
583 1907 591 1914 .
603 1907 612 1914 .
624 1893 771 1912 summum
783 1893 902 1918 semper
913 1905 921 1913 .
934 1906 942 1913 .
955 1906 962 1913 .
975 1885 1068 1911 fiebat
1078 1885 1245 1917 imperium.
1311 1883 1343 1917 d)
1355 1888 1386 1910 et
1399 1885 1436 1912 A.
1499 1886 1527 1916 e)
1538 1885 1621 1912 XIII.
1634 1885 1665 1911 C.

169 1922 193 1954 f)
218 1922 306 1955 effige
324 1922 351 1947 B
362 1924 388 1948 1.
472 1922 503 1955 g)
526 1922 595 1948 solis
614 1922 676 1954 ΒΞ,
697 1922 745 1946 ubi
762 1922 840 1952 falso
858 1921 1040 1946 distinctum.-
1058 1921 1180 1946 nomine
1198 1921 1324 1946 Martem
1343 1920 1443 1953 effigie
1462 1921 1663 1946 columnarum

170 1958 335 1990 imitantes,
361 1958 520 1983 Herculem
544 1958 608 1983 loco
633 1957 718 1990 solis3
744 1957 870 1982 Nomine
894 1960 1018 1982 martem
1044 1956 1143 1988 effigie
1167 1957 1391 1988 columpnarum
1416 1956 1570 1982 imitantes
1594 1956 1664 1981 her—

172 1994 266 2018 culem
285 2014 292 2020 .
310 1993 375 2018 loco
393 1993 483 2018 solem
502 1993 538 2020 Δ.
573 1993 689 2025 Reliqui
706 1993 815 2018 codices
833 1993 876 2017 ita
894 1993 981 2017 verba
999 1993 1179 2023 dietinquune
1197 1995 1227 2017 ut
1251 1992 1367 2024 serap-«Ji.
1457 1991 1490 2025 h)
1513 1991 1665 2017 existima—

171 2028 280 2054 tionem
300 2029 326 2053 Β
337 2030 368 2060 1;
386 2032 459 2056 aest.
477 2028 595 2054 illorum
613 2031 740 2060 apparet
757 2028 820 2055 ΒΣ.

111 2142 147 2167 30
173 2134 208 2179 1)
246 2134 393 2168 Sallust.
428 2133 508 2177 Iuy.
544 2144 572 2169 c.
607 2134 674 2169 54:
711 2133 868 2177 puberes
899 2131 1058 2167 interfici
1090 2132 1211 2176 iubet,
1244 2131 1317 2166 alia
1349 2131 1472 2166 omnia
1504 2131 1664 2166 militum

169 2180 345 2225 praedam
378 2191 475 2222 esse;
509 2182 577 2217 91:
610 2180 766 2225 puberes
800 2178 994 2223 interfecti,
1028 2179 1091 2214 alii
1123 2190 1249 2214 omnes
1282 2179 1494 2222 venundati,
1526 2178 1664 2223 praeda

170 2228 346 2263 militibus
379 2227 506 2264 divisa.
563 2228 727 2262 Eundem
761 2227 853 2264 Wid.
887 2228 994 2269 infra
1029 2239 1056 2263 c.
1087 2229 1147 2270 35,
1178 2238 1217 2271 p.
1247 2229 1306 2263 43.
1342 2228 1547 2260 accuratius
1582 2227 1664 2259 imi-

170 2280 266 2310 tatus
289 2280 348 2312 est.
396 2276 451 2318 Cf.
473 2277 580 2309 ett’am
603 2275 678 2318 III,
703 2276 760 2311 52.
859 2275 895 2318 2)
919 2274 1052 2317 Vergil.
1077 2275 1204 2318 Geory.
1226 2275 1257 2318 I,
1282 2286 1313 2308 v.
1330 2275 1412 2310 446.
1435 2276 1502 2310 47:
1525 2273 1665 2318 pallida

170 2326 294 2369 surget
319 2351 328 2359 .
356 2350 364 2359 .
391 2351 399 2359 .
425 2323 582 2358 Aurora.
691 2323 729 2367 3)
766 2322 917 2358 Sallust.
943 2323 1019 2358 Cat.
1053 2333 1080 2358 c.
1106 2324 1174 2357 61:
1207 2322 1436 2356 incruentam
1460 2321 1662 2356 victoriam.

110 2378 144 2404 35
170 2371 227 2412 Cf.
251 2371 359 2413 infra
382 2370 458 2413 III,
475 2372 534 2406 46.
630 2369 668 2415 4)
694 2370 726 2405 Ι.
747 2381 773 2405 e.
798 2371 839 2403 in
862 2380 943 2412 reye
957 2369 1182 2411 Irmt'nfrido
1205 2370 1375 2414 capiendo
1399 2369 1451 2402 vel
1470 2369 1662 2403 medendo.

170 2419 207 2460 5)
243 2419 359 2452 Deum
391 2418 544 2451 Hirmin
579 2419 727 2452 victoria
763 2421 948 2460 reportata
980 2417 1141 2451 Saxones
1175 2418 1335 2451 venerati
1368 2421 1476 2456 aunt,·
1511 2416 1664 2449 Hirmin

170 2465 315 2499 eundem
349 2475 450 2509 quem
482 2465 651 2499 Hermem
682 2464 926 2498 Widukindus
952 2466 1107 2508 puta-vit,
1141 2475 1242 2507 quem
1274 2475 1355 2498 vero
1382 2463 1552 2497 Hermem
1584 2465 1608 2498 i.
1634 2474 1662 2499 e.

170 2512 394 2546 Mercurium
426 2513 583 2556 appellat
615 2523 639 2545 a
667 2512 814 2546 Graecia
837 2512 993 2546 Martem
1025 2513 1099 2545 dici
1131 2522 1274 2545 erronee
1305 2512 1443 2546 statuit.
1503 2511 1664 2545 Ceterum

170 2559 275 2592 verba
300 2559 340 2595 V.
367 2559 573 2593 Clarissima·
596 2560 633 2595 J.
661 2559 804 2592 Grimm
828 2559 957 2593 litter&
989 2570 1023 2594 a.
1051 2561 1153 2596 1838.
1188 2569 1267 2592 cum
1300 2558 1516 2593 adukaoente
1545 2558 1664 2591 Waitz

109 2614 145 2640 40
169 2608 424 2640 communicata
452 2607 584 2649 affero.-
607 2605 814 2640 widukind
845 2609 927 2651 sagt
960 2606 1055 2640 also:
1089 2605 1156 2640 der
1188 2605 1393 2640 siichsische
1417 2604 1567 2639 Hirmin
1600 2604 1662 2638 be-

170 2653 296 2688 deutet
328 2653 412 2688 dem
446 2664 579 2688 namen
611 2652 707 2687 nach
740 2652 812 2687 den
845 2652 947 2687 Mars
984 2652 1034 2697 (d.
1064 2652 1088 2689 i,
1121 2652 1195 2687 den
1227 2652 1409 2697 Mercur),
1444 2651 1530 2686 dem
1562 2650 1663 2686 bilde

169 2700 265 2735 nach
305 2700 377 2736 den
411 2700 592 2735 Hercules
633 2699 729 2746 (weil
767 2711 807 2734 er
842 2699 1111 2746 heldenmiissig
1150 2701 1315 2745 geriistet
1355 2698 1556 2743 erscheint,
1594 2698 1662 2733 wie

170 2747 333 2782 Wuotan
367 2748 407 2783 in
444 2747 510 2784 der
544 2747 646 2793 regel
683 2746 820 2792 nicht),
858 2746 942 2781 dem
979 2749 1060 2782 orte
1096 2746 1163 2782 der
1199 2746 1436 2791 aufrichtung
1471 2745 1566 2780 nach
1602 2745 1662 2781 die

171 2793 312 2840 Sonne3
337 2795 402 2830 das
426 2795 536 2839 kann,
561 2795 629 2829 wie
654 2793 716 2829 Sie
740 2794 853 2829 selbst
876 2794 988 2828 sehon
1013 2794 1222 2837 anmerken,
1248 2794 1347 2828 bloss
1371 2793 1438 2828 auf
1459 2793 1520 2828 die
1544 2792 1662 2828 orien-

111 2849 147 2875 45
169 2842 254 2876 talis
275 2845 383 2887 porta
406 2842 570 2888 bezogen
593 2842 740 2877 werden
802 2842 859 2883 Cf.
884 2842 1037 2875 et‘usdem
1062 2842 1175 2885 Myth.
1201 2842 1252 2877 od.
1277 2844 1312 2877 4.
1337 2841 1371 2884 I,
1390 2852 1430 2885 p.
1447 2842 1505 2877 91.
1526 2842 1599 2877 292
1610 2851 1662 2884 sq.

171 2889 265 2929 294:
294 2890 510 2934 Mallmhoff
529 2901 588 2935 ap.
614 2890 784 2932 Schmidt,
809 2889 863 2924 (Ζ.
889 2890 919 2931 f.
947 2889 1081 2924 (ὗε-Βοὴ]
1106 2889 1211 2932 VIII,
1241 2901 1281 2933 p.
1306 2890 1377 2924 242
1393 2899 1490 2932 ⁸qq.,·
1519 2888 1660 2932 Rieqer,

173 2935 227 2971 ‘Z.
252 2936 282 2978 f.
306 2937 353 2972 D.
377 2937 464 2973 ΑΒ]
489 2938 559 2980 XI,
577 2949 617 2982 p.
644 2938 725 2973 182.
749 2957 797 2963 —
820 2937 983 2980 (Locum,
1007 2936 1173 2978 Ruodolfi
1197 2937 1369 2971 sententia
1392 2936 1435 2970 de
1461 2935 1662 2969 [mensula

171 2983 254 3026 (SS.
271 2983 324 3025 II,
338 2994 379 3027 p.
396 2985 484 3028 676)
499 2985 629 3028 allata,
647 2986 699 3018 ita
714 2985 982 3028 explicaverim.-
1003 2985 1044 3017 in
1060 2984 1294 3018 const-rueram
1311 2994 1382 3018 ara
1401 2984 1564 3017 victoriae
1581 2983 1661 3016 deos

243 3051 418 3082 widukind.
1351 3056 1374 3090 2
