2034 3380
402 358 445 391 66
995 354 1288 390 WIDUKINDI

302 481 384 519 938.
398 477 492 516 tem
526 475 710 516 avidum
742 488 923 529 pugnae
956 477 1002 517 et
1022 475 1163 530 preda
1183 475 1337 516 urbisa
1365 475 1563 516 ditatum
1583 476 1633 516 in
1653 473 1875 519 Larasb·1.

399 533 479 574 Illi
526 535 679 575 autem
725 533 850 575 urbis
897 534 1102 588 prefecto
1149 536 1335 575 auctore
1375 534 1541 575 acriter
1586 535 1874 578 resistentes⁰

397 592 574 646 lapides
636 591 878 646 lapidibus,
941 592 1036 634 tela
1086 592 1192 634 telis
1243 592 1423 634 obicere
1473 606 1566 634 non
1619 594 1878 644 cessabant;

398 650 724 705 aggravatique
767 650 887 692 bello
928 664 1064 705 super
1104 647 1343 692 consultod
1380 651 1537 692 ducis2
1566 651 1769 693 indutias
1811 653 1881 695 de-

397 711 606 763 poscunt.
669 708 845 760 Quibus
882 709 1130 751 concessise
1170 710 1297 751 ducis
1335 710 1398 751 eis
1436 706 1713 764 presidiumf
1747 724 1881 765 nega·
1905 725 1923 751 5
1968 751 1970 753 .

396 770 519 808 turg.
572 768 706 809 Unde
736 768 849 809 urbe
883 768 1051 828 egressi
1082 768 1303 822 potestati
1333 782 1380 810 se
1402 769 1553 823 regiae
1575 769 1879 811 tradiderunt.

396 821 491 867 Eah
527 839 682 880 pugna
721 826 930 867 Tamma¹
972 827 1202 880 pincerna,
1250 826 1407 867 multis
1448 827 1550 869 aliis
1590 827 1725 869 rebus
1764 828 1880 870 bene

395 884 535 938 gestis
582 885 691 926 olim
737 884 952 934 famosus,
998 885 1151 926 factus
1198 886 1267 926 est
1313 885 1476 926 clarus.
1551 882 1876 928 Evurhardusk

395 945 549 985 autem
582 943 772 984 audiens
805 944 860 984 de
891 956 1002 984 nece
1023 943 1298 984 Thancmari
1329 945 1376 984 et
1408 943 1666 986 defectione
1694 958 1879 987 suorum

395 1001 608 1051 militum,
641 1001 817 1042 fractus
850 1001 1002 1042 animo
1034 1002 1339 1055 prosternitur
1369 1002 1549 1056 captivo
1571 1015 1666 1053 suo,
1698 1003 1878 1045 veniam
1904 1018 1938 1043 ιο

394 1060 511 1113 petit
543 1073 594 1101 ac
628 1060 838 1113 nequiter
869 1061 1166 1113 promeretur.

535 1137 672 1182 XII.¹
744 1140 990 1183 Heinricus
1037 1143 1191 1183 autem
1232 1143 1363 1183 eratm
1403 1155 1456 1183 eo
1497 1143 1702 1197 tempore
1742 1143 1895 1186 nimis·

393 1199 657 1242 adolescens
671 1200 698 1250 3,
741 1200 950 1242 fervensn
987 1200 1160 1250 animo;
1203 1202 1249 1242 et
1280 1200 1422 1241 nimia
1452 1201 1677 1255 regnandi
1708 1202 1878 1256 cupidi-

391 1259 519 1300 tate4
549 1259 732 1300 illectus
764 1272 816 1300 eo
848 1261 983 1313 pacto
1015 1258 1203 1300 crimine
1235 1258 1371 1300 solvit
1403 1272 1519 1310 eum,
1554 1273 1642 1313 quo
1675 1261 1878 1302 coniura-

392 1317 518 1364 tione
550 1331 703 1358 secum
735 1317 862 1358 facta
893 1319 1054 1358 contra
1084 1330 1237 1371 regem
1271 1317 1507 1358 dominum
1546 1331 1675 1359 suum
1711 1320 1758 1360 et
1788 1319 1876 1360 fra—
1902 1333 1935 1359 ιο

390 1377 509 1416 trem
548 1376 636 1417 sibi
671 1376 802 1430 regni
835 1375 1057 1424 diadema,
1100 1375 1138 1416 si
1170 1375 1384 1430 possibile
1415 1377 1548 1427 foret,
1590 1377 1832 1431 inponeret
1846 1377 1874 1418 ⁵.

391 1434 570 1476 Foedus
601 1434 758 1488 itaque
789 1435 983 1476 invicem
1015 1447 1299 1489 percussum;
1332 1435 1439 1476 inde
1462 1435 1715 1477 liberaliter
1735 1435 1875 1478 Hein-

390 1493 511 1534 ricus
544 1493 603 1534 ad
634 1506 788 1547 regem
821 1506 1027 1535 reversus
1058 1493 1233 1547 puriori
1263 1493 1353 1535 fide
1395 1507 1446 1535 ac
1489 1494 1680 1536 caritate
1721 1495 1778 1536 ab
1821 1508 1874 1537 eo

390 1553 458 1592 est
491 1555 729 1605 susceptus
761 1565 896 1605 quam
928 1551 1172 1605 ingressus.

426 1673 428 1675 ,
530 1629 694 1673 XIII.l
756 1633 975 1675 Suasione
1015 1646 1193 1687 quoque
1241 1633 1403 1687 optimi
1447 1634 1655 1688 inprimis
1701 1634 1787 1676 viri
1827 1636 1875 1677 et
1899 1650 1934 1675 20

389 1692 514 1732 omni
544 1691 766 1746 religione
797 1692 1107 1746 probatissimi
1137 1691 1432 1743 Frithurici0,
1471 1693 1740 1735 successoris
1771 1693 1873 1734 Hil-

389 1750 619 1792 diberhtil’
656 1750 987 1805 archiepiscopi
1000 1750 1027 1801 ⁶,
1066 1751 1391 1792 Evurhardusq
1427 1751 1543 1792 adiit
1573 1765 1740 1806 regem,
1773 1766 1872 1806 sup-

387 1808 493 1862 plex
524 1809 732 1850 veniamr
770 1809 988 1863 deposcit,
1031 1822 1077 1851 se
1109 1822 1279 1863 suaque
1320 1810 1473 1851 omnia
1507 1810 1650 1864 ipsius
1681 1810 1872 1852 arbitrio

386 1868 587 1909 tradens.
649 1868 720 1909 Ne
750 1867 894 1923 igitur
924 1868 1085 1921 ingens
1118 1867 1264 1910 scelus
1285 1868 1626 1910 inemendatum
1651 1871 1869 1919 maneret,

386 1927 516 1979 quasi
555 1927 604 1966 in
643 1926 828 1967 exilium
860 1927 909 1967 in
949 1926 1295 1968 Hildinensems
1333 1926 1524 1968 urbem⁷
1555 1941 1582 1968 a·
1620 1940 1727 1981 rege
1768 1927 1871 1969 diri-
1896 1941 1931 1967 25

386 1984 524 2038 gitur.
588 1985 677 2027 Sed
709 1999 800 2026 non
834 1988 937 2039 post
968 1985 1165 2026 multum
1202 1986 1419 2039 temporis
1459 1986 1509 2026 in
1548 1986 1746 2039 gratiam
1786 1986 1870 2028 cle-

385 2046 563 2085 menter
594 2043 816 2098 recipitur
847 2046 893 2085 et
925 2044 1089 2085 honori
1121 2044 1312 2098 pristino
1343 2044 1555 2086 redditur
1568 2044 1596 2084 8.

383 2192 413 2225 a)
438 2193 519 2218 urbis
538 2193 566 2218 h.
588 2193 619 2224 l.,
645 2200 701 2218 non
719 2193 844 2225 sequenti
868 2193 961 2223 (urbis
986 2192 1138 2226 prefecto),
1163 2200 1219 2218 om.
1244 2192 1279 2220 A.
1377 2191 1408 2226 b)
1432 2191 1551 2224 lai-esst)
1575 2193 1646 2224 Β2;
1672 2193 1758 2218 larun
1781 2194 1868 2220 Samo.

384 2229 411 2258 c)
430 2228 599 2254 insistentes
619 2229 653 2255 A.
734 2227 765 2259 d)
784 2228 917 2253 consulta
936 2228 998 2253 Bl.
1078 2229 1105 2259 e)
1124 2228 1269 2253 concessit
1287 2228 1346 2255 132.
1422 2226 1447 2260 f>
1464 2234 1523 2252 non
1542 2229 1611 2255 add.
1630 2229 1692 2255 Β2.
1767 2229 1797 2259 g)
1816 2235 1869 2254 ne-

382 2264 466 2294 gauit
485 2263 515 2290 C.
588 2263 619 2292 h)
639 2266 669 2288 et
689 2263 719 2290 C.
792 2263 815 2293 i)
838 2264 879 2288 sic
898 2263 936 2292 C,·
959 2266 1068 2288 tammo
1087 2263 1122 2290 A.
1141 2263 1203 2288 Bi.
1224 2263 1322 2293 Saaeo,·
1347 2263 1471 2288 Dammo
1490 2263 1551 2290 132.
1622 2262 1655 2296 k)
1672 2261 1866 2289 Euerhardus
1891 2268 1928 2294 30

382 2299 419 2322 A.
439 2298 506 2329 Β2;
525 2297 718 2323 Eberhardus
737 2298 819 2325 Frut.
838 2299 928 2325 Saoeo.
1001 2298 1022 2331 l)
1041 2305 1190 2322 numerum
1211 2305 1264 2325 om.
1284 2297 1315 2325 C.
1382 2297 1422 2330 m)
1441 2300 1506 2323 erat
1524 2305 1579 2325 om.
1597 2298 1628 2323 C.
1700 2299 1730 2329 n)
1749 2298 1865 2324 fervens

384 2340 437 2359 om.
457 2333 519 2359 B2.
593 2334 621 2363 ο)
640 2334 680 2358 sic
699 2334 758 2360 Β2,
779 2333 818 2363 Ο,-
837 2332 968 2358 friderici
988 2333 1023 2359 A.
1035 2333 1096 2360 Bl.
1115 2334 1204 2359 Saxo.
1276 2333 1308 2365 p)
1325 2333 1366 2358 sic
1386 2333 1423 2363 C;
1442 2331 1624 2358 hildeberhti
1642 2333 1686 2364 A;
1704 2331 1867 2359 Hildiberti

381 2368 447 2400 1³23
472 2367 634 2393 hildeberti
653 2368 742 2394 Saum.
816 2366 846 2399 q)
865 2368 905 2392 sic
925 2368 963 2399 C,·
981 2366 1163 2393 eberhardus
1183 2368 1219 2394 A.
1240 2368 1336 2398 Susum·
1354 2366 1547 2393 Euerhardus
1566 2368 1629 2395 132.
1702 2369 1728 2399 r)
1747 2369 1866 2394 veniam

383 2410 437 2430 om.
455 2403 516 2430 Β2,
595 2402 622 2435 s)
641 2403 681 2427 sic
699 2403 759 2429 Bl.
781 2403 818 2433 0;
837 2402 1048 2428 Hildenensem
1067 2403 1133 2435 1323
1155 2401 1412 2428 hildensheiffisem
1431 2405 1498 2434 (non
1517 2403 1801 2435 Hildeshamensem)
1821 2404 1867 2435 A,-

381 2438 697 2463 hildenesheimensem
716 2438 804 2465 Saxo.

381 2556 416 2599 1)
457 2555 512 2597 Cf.
548 2566 658 2599 supra
688 2566 726 2598 p.
755 2556 816 2597 64,
851 2555 872 2590 Ζ.
900 2556 931 2591 6.
1038 2554 1074 2599 2)
1109 2555 1140 2589 I.
1167 2565 1193 2590 e.
1219 2555 1355 2597 ducem,
1386 2555 1460 2589 scil.
1485 2554 1752 2598 Everhardum,
1783 2564 1864 2589 oon-

379 2603 521 2637 subturi.
559 2602 737 2637 PERTZ.
787 2602 845 2643 Cf.
881 2602 1006 2646 Ko‘pke
1035 2613 1071 2645 p.
1101 2603 1186 2644 1553
1223 2602 1420 2643 Dz‘c'mmler,
1455 2601 1545 2635 ‘Otto
1577 2602 1610 2637 d.
1639 2601 1712 2637 (ἔπ’
1738 2612 1778 2644 p.
1805 2603 1862 2645 75,

379 2660 414 2684 n.
433 2651 465 2687 3.
539 2649 576 2694 3)
603 2649 796 2682 Heinricus
817 2650 910 2683 inter
932 2658 1047 2682 annos
1063 2650 1142 2684 919.
1161 2652 1191 2682 et
1209 2650 1289 2684 922.
1306 2653 1414 2682 natus
1435 2652 1517 2682 tunc
1536 2649 1705 2682 decimum
1726 2652 1863 2682 sextum

378 2697 431 2729 vel
453 2700 612 2730 octavum
636 2706 771 2729 annum
795 2696 929 2739 ayebat.
1003 2696 1039 2739 4)
1057 2696 1111 2737 Cf.
1135 2697 1239 2738 infra
1260 2707 1296 2739 p,
1311 2697 1367 2738 67,
1390 2696 1412 2730 l.
1427 2697 1488 2731 25:
1514 2693 1708 2729 Heinricus
1731 2693 1861 2729 ardens

379 2742 577 2786 cupiditate
601 2742 789 2787 regnandi.
898 2743 934 2786 5)
971 2742 1182 2776 Heinricum
1207 2743 1252 2775 ab
1275 2742 1487 2776 Eberhardo
1509 2742 1689 2775 seductum
1711 2751 1783 2775 esse
1805 2752 1863 2776 ro-
1884 2752 1921 2778 ιο

378 2791 500 2831 ferunt
523 2789 693 2833 Hrotsvit,
727 2790 831 2823 Gesta
865 2801 894 2825 v.
921 2791 991 2824 202
1007 2800 1092 2832 sqq„
1125 2793 1156 2823 et
1180 2789 1409 2833 Liudprand.
1432 2788 1503 2831 IV,
1531 2789 1688 2823 21—-23,
1737 2788 1862 2821 Widu-

378 2837 509 2870 kindus
534 2838 666 2879 dignus
689 2841 748 2879 est,
775 2847 875 2880 quem
899 2837 972 2869 illis
996 2837 1248 2878 anteferamus,
1355 2835 1392 2878 6)
1431 2835 1474 2870 Α.
1501 2836 1705 2870 937—954.
1738 2834 1861 2869 Helas:-

378 2884 495 2917 bertus
525 2884 609 2917 obiit
642 2895 675 2918 a.
702 2886 782 2925 937,
808 2884 864 2917 die
888 2885 944 2919 31.
970 2883 1067 2916 Maii
1088 2884 1227 2918 mensis.
1325 2881 1360 2926 7)
1397 2881 1450 2924 Cf.
1478 2881 1574 2916 cont.
1600 2882 1681 2923 Ray.
1716 2892 1749 2917 a.
1776 2883 1858 2925 938,

377 2930 399 2964 l.
418 2931 438 2965 l.
463 2942 498 2973 p.
519 2932 606 2965 160:
630 2929 862 2964 Eberhardus
880 2929 1148 2964 Hildinesheim
1164 2929 1201 2962 in
1219 2927 1368 2962 exilium
1385 2927 1596 2964 destinatur.
1661 2928 1700 2973 8)
1723 2928 1860 2963 Eadem
1926 2915 1928 2919 ’

377 2978 451 3019 fere
475 2977 580 3010 verba
605 2978 708 3018 infra
729 2988 765 3020 p.
786 2979 841 3019 75,
869 2978 891 3011 l.
912 2978 956 3012 15
972 2987 1021 3019 sq.
