2034 3380
370 333 508 370 XVIII
960 333 1265 373 PRAEFATIO.

369 453 568 496 dictionis
598 453 854 497 Widuln'ndi
879 454 1083 508 propriae
1113 455 1289 509 vestiyia
1321 470 1553 509 &mosea-sy·
1591 471 1721 511 neque
1760 463 1859 502 sunt

368 525 476 565 quae
516 513 568 555 ab
608 512 699 555 eius
738 517 871 556 aetate
910 514 973 556 vel
1012 513 1184 568 inqendo
1225 514 1369 557 aliena
1410 515 1597 558 iudicari
1643 517 1817 560 debeant
1827 518 1856 559 ¹.

368 674 440 698 non
465 669 524 706 est,
550 664 644 708 quod
667 665 823 699 mireris.
873 665 1034 698 Eundem
1060 669 1226 698 ornatum
1251 667 1386 699 invenis
1409 667 1514 700 etiam
1540 667 1624 701 aliis
1642 668 1727 702 locis
1743 670 1859 712 ipsius

369 713 507 754 capitis,
534 713 690 745 maxime
714 713 754 745 in
778 713 1010 754 orationibus,
1035 716 1110 745 tum
1135 712 1165 755 I,
1193 715 1235 748 5:

632 757 738 803 ‘Quid
763 758 830 793 sibi
854 759 955 802 vult’,
982 758 1110 803 inquit,
1136 761 1223 792 ‘tam
1248 759 1375 804 ingens
1401 770 1529 794 aurum
1882 767 1899 793 5

630 806 725 840 eirca
749 808 854 839 tuum
879 805 1088 840 famelicum
1114 806 1249 840 collum
1261 806 1289 842 ‘2‘

631 852 880 897 ‘Emptorem'‚
906 852 1034 897 inquit,
1061 855 1226 897 ‘quaero;

327 929 331 934 .
630 899 675 934 ad
700 899 811 934 nichil
839 899 937 934 aliud
963 899 1059 933 istud
1084 911 1213 934 aurum
1236 901 1336 944 gero'
1362 921 1408 926 —

369 948 444 990 III,
471 949 539 983 63:

630 993 683 1027 At
707 992 789 1026 finis
814 992 929 1027 civilis
954 993 1041 1027 belli
1884 1001 1919 1028 ιο

629 1040 805 1074 terminus
830 1040 875 1074 sit
900 1040 1025 1076 libelli.

371 1089 407 1132 1)
432 1089 689 1122 Narrationem
714 1089 841 1121 codicis
866 1089 898 1121 A
924 1088 964 1121 de
988 1088 1132 1121 insidiis
1155 1087 1325 1122 Heinrico
1344 1091 1492 1131 paratis
1516 1091 1622 1132 quasi
1644 1090 1799 1123 ieiunam
1828 1094 1859 1124 et

369 1137 478 1169 nimis
503 1135 667 1169 timidam
691 1135 803 1168 alicui
823 1134 1054 1178 Moyuntinae
1078 1136 1223 1169 diocesis
1247 1136 1382 1169 scribae
1406 1136 1629 1170 tribuendum
1653 1147 1723 1170 esse
1742 1137 1860 1170 Waitz

370 1194 404 1218 a.
433 1184 536 1218 1839.
561 1183 686 1216 statuit
696 1193 710 1223 ,·
734 1183 794 1215 sed
817 1184 890 1215 iam
917 1182 946 1217 b.
973 1193 1017 1217 m.
1047 1182 1088 1217 G.
1112 1182 1160 1217 H.
1180 1181 1286 1215 Pertz
1311 1185 1467 1218 monuit:
1493 1183 1739 1226 ‘Widukindo,
1764 1188 1795 1217 et
1819 1185 1860 1218 in

369 1230 482 1273 culpis
499 1230 704 1263 Frithurici
727 1230 987 1273 archiepiscop-i
1001 1229 1161 1272 Moyunt.
1187 1231 1403 1263 recensendis
1427 1232 1537 1264 nimis
1561 1232 1695 1274 timido,
1722 1241 1860 1264 narra·
1884 1235 1920 1262 ιδ

369 1278 496 1311 tionem
520 1278 731 1310 recensionis
759 1278 904 1320 primae
937 1277 978 1310 de
1003 1277 1168 1318 Hancne,
1203 1281 1290 1311 certe
1323 1279 1437 1320 maqis
1470 1279 1627 1311 ieiunam
1660 1288 1768 1321 quam
1802 1289 1860 1312 res

363 1324 588 1369 postulabat,
629 1325 688 1358 sed
725 1324 795 1357 loco
831 1324 981 1358 Cass-ala
1014 1324 1171 1357 indicato
1205 1325 1389 1366 ditiorem,
1427 1324 1525 1358 haud
1561 1324 1856 1359 abiudicaverim'.

370 1372 469 1405 Idem
498 1376 620 1415 postea
645 1371 770 1415 Ko‘plce
798 1382 837 1415 p.
864 1373 910 1407 25
927 1382 976 1414 sq.
1010 1376 1041 1404 et
1065 1371 1183 1404 Raase
1211 1382 1251 1414 p.
1279 1373 1333 1406 17.
1369 1375 1398 1404 et
1432 1373 1505 1415 ipse
1531 1372 1572 1407 G.
1597 1373 1714 1405 Waitz
1747 1373 1799 1408 ed.
1825 1374 1858 1408 3.

367 1430 406 1463 p.
430 1419 498 1454 XI.
524 1430 557 1454 a.
583 1420 684 1454 1882.
712 1418 976 1461 probaverunt;
1001 1418 1239 1459 Wattenback,
1266 1418 1400 1460 ‘DGQJ
1427 1420 1478 1454 ed.
1506 1421 1537 1454 6.
1563 1419 1595 1461 Ι,
1618 1431 1654 1463 p.
1677 1421 1758 1461 332,
1785 1430 1860 1453 rem

370 1468 408 1499 in
445 1466 557 1499 medio
590 1466 754 1509 reliquit;
791 1466 850 1499 secl
882 1465 1116 1507 Heidema-nn,
1154 1466 1277 1499 ‘Hatto
1311 1466 1342 1507 I,
1376 1466 1590 1509 Erzbischof
1619 1477 1684 1500 von
1719 1465 1858 1500 Mainz’
1884 1471 1921 1497 20

366 1525 404 1557 p.
432 1515 489 1555 35,
525 1524 560 1548 n.
587 1515 620 1555 5,
657 1523 697 1545 ac
721 1512 872 1554 Simson,
907 1513 964 1548 ‘N.
990 1513 1142 1546 Archiv⁷
1168 1513 1253 1556 XV,
1284 1525 1322 1556 p.
1350 1514 1430 1555 568,
1456 1515 1508 1557 [et
1532 1514 1576 1548 E.
1601 1514 1789 1547 Du‘mmler
1820 1516 1860 1547 in

380 1560 505 1601 DGQ.y
532 1561 583 1594 ed.
607 1562 638 1595 7.
664 1560 696 1603 Ι,
727 1572 763 1604 p.
791 1561 872 1602 368,
906 1571 940 1595 n.
968 1560 1008 1602 2]
1045 1561 1156 1594 locum
1189 1560 1404 1593 Widukindo
1437 1562 1565 1594 iterum
1598 1561 1858 1596 abiudicarunt.

372 1607 452 1650 Eyo
486 1607 578 1641 hanc
611 1617 744 1650 quoque
776 1609 1022 1641 recensionem·
1042 1618 1065 1640 a
1101 1607 1315 1641 Widulcindo
1351 1609 1428 1650 ipso
1463 1618 1532 1641 esse
1565 1610 1752 1651 confectam
1789 1619 1858 1642 non

367 1655 478 1698 plane
507 1656 679 1697 negarim.
731 1654 837 1695 Quem
863 1665 941 1687 cum
965 1656 1066 1688 semel
1090 1655 1312 1698 rescripsisse
1336 1659 1473 1698 constet,
1509 1656 1583 1688 iam
1618 1665 1698 1688 vero
1731 1656 1860 1688 iterum

370 1711 503 1745 quoque
535 1712 612 1735 eum
644 1703 762 1746 ipsum
795 1705 1016 1743 retractasse,
1051 1702 1125 1745 III,
1153 1703 1185 1737 2.
1220 1704 1451 1745 respicientes,
1481 1712 1673 1745 possumus
1697 1704 1858 1738 conicere.
1884 1706 1920 1733 85

374 1748 469 1790 Quae
487 1749 529 1784 B.
548 1749 589 1782 de
605 1748 746 1782 Simson
765 1749 787 1784 l.
807 1749 828 1784 l.
853 1750 1013 1792 quamvis
1037 1753 1136 1782 caute
1160 1750 1320 1782 attulerit
1345 1751 1451 1792 quasi
1474 1760 1496 1782 a
1520 1751 1660 1783 ratione
1683 1749 1863 1783 scribendi

378 1796 664 1829 Widulcindiana
690 1796 940 1839 discrepantia,
967 1806 1008 1829 ea
1033 1797 1183 1829 maioris
1207 1798 1370 1838 momenti
1393 1805 1466 1830 non
1494 1800 1586 1831 sunt.
1637 1796 1704 1830 Sed
1737 1797 1786 1829 ad
1818 1807 1860 1830 ea

370 1843 477 1877 verba
502 1854 609 1886 quam
633 1844 872 1876 usitatissima
897 1848 927 1877 et
952 1854 1041 1886 quae
1058 1843 1184 1886 Ko'plce
1205 1855 1242 1887 p.
1259 1844 1306 1879 25
1318 1854 1368 1887 sq.
1395 1845 1572 1887 congressit,
1595 1843 1707 1887 plura
1731 1844 1860 1877 addere

371 1890 463 1923 mihi
487 1890 596 1925 liceat.
647 1890 735 1923 Cum
767 1902 804 1934 p.
830 1891 888 1932 28,
924 1891 947 1925 l.
976 1892 1039 1925 11:
1075 1889 1230 1934 Quidam
1257 1890 1354 1924 enim
1381 1889 1526 1924 insidias
1550 1889 1779 1924 tendentium
1813 1891 1858 1933 cf.

368 1949 404 1981 p.
434 1939 513 1979 101,
547 1938 570 1972 l.
596 1939 638 1972 2:
672 1935 876 1981 indignatio
901 1936 967 1970 filii
1000 1936 1072 1971 mei
1108 1939 1405 1981 caeterorumque
1438 1936 1586 1971 insidias
1619 1937 1858 1980 tendentium,
1885 1945 1920 1971 30

370 1989 401 2018 et
426 1985 474 2017 ad
503 1984 570 2018 'hoc
595 1984 739 2019 Sallust.
766 1984 845 2026 Iuy.
881 1995 907 2019 c.
935 1986 1001 2020 61:
1035 1983 1181 2018 insidias
1215 1984 1293 2029 regi
1326 1995 1391 2028 per
1426 1984 1559 2018 amicos
1593 1984 1754 2019 tendere.
1803 1985 1861 2018 Ad

365 2044 404 2075 p.
423 2033 480 2073 29,
499 2032 597 2069 l.17.
618 2032 679 2067 18:
707 2042 816 2075 super
839 2030 993 2075 imperio
1011 2030 1235 2065 Francorum
1262 2031 1335 2065 aeri
1353 2042 1439 2066 cura
1456 2031 1631 2076 vigilabat
1653 2032 1700 2073 cf.
1717 2035 1862 2085 praeter

367 2089 404 2122 p.
434 2079 492 2121 42,
522 2079 544 2114 l.
567 2080 631 2113 14:
657 2088 721 2111 rex
748 2107 754 2113 .
783 2106 790 2113 .
819 2081 987 2122 ‚quanta
1011 2077 1205 2122 prudentia
1229 2077 1435 2123 vigilaverit
1459 2078 1496 2112 in
1521 2077 1718 2113 munienda
1741 2077 1861 2123 patria

370 2127 475 2159 etiam
495 2137 531 2169 p.
550 2127 607 2168 21,
631 2126 653 2160 l
674 2124 1001 2161 10.11:Karolus
1019 2136 1101 2159 cum
1120 2128 1212 2159 esset
1233 2136 1361 2170 regum
1380 2124 1606 2170 fortissimae,
1632 2137 1706 2160 non
1727 2125 1860 2160 minori

370 2172 549 2216 sapientia
566 2151 743 2225 vigilabat
759 2177 790 2206 et
800 2184 840 2216 p.
855 2174 912 2216 99,
933 2174 955 2208 l.
970 2175 1002 2209 9.
1019 2174 1083 2209 1οε
1102 2175 1236 2216 quanta
1254 2172 1430 2217 sapientia
1443 2174 1649 2216 quantaque
1665 2172 1860 2217 prudentia
1884 2179 1920 2206 8⁶

371 2225 499 2254 contra
524 2219 746 2263 propinquos
773 2222 809 2253 et
827 2219 953 2254 hostes
979 2219 1190 2254 manifestos
1215 2219 1432 2263 vigilaverit.
1483 2220 1569 2254 Cum
1593 2231 1632 2263 p.
1658 2221 1716 2263 29,
1743 2220 1767 2255 l.
1794 2221 1859 2256 19:

371 2266 551 2310 templum
568 2265 759 2310 Maguntie
777 2266 892 2301 nobili
909 2269 1091 2301 structura
1115 2266 1320 2300 illustrabat
1344 2267 1391 2308 cf.
1412 2277 1452 2310 p.
1469 2268 1528 2310 83,
1547 2268 1569 2302 l.
1591 2268 1655 2302 15:
1679 2265 1860 2311 templum

371 2312 551 2347 famosum
569 2312 755 2347 Vuldense
782 2340 789 2349 .
818 2341 824 2348 .
854 2341 860 2349 .
887 2313 1003 2347 multo
1030 2313 1158 2347 maiori
1183 2313 1314 2347 decore
1345 2313 1558 2357 perfectum.
1610 2313 1703 2358 [His
1735 2314 1860 2348 allatis

370 2371 445 2395 rem
470 2361 667 2394 absolutam
691 2370 761 2394 esse
785 2371 855 2395 non
880 2361 990 2395 credo.
1049 2360 1189 2403 Editor,
1221 2371 1299 2394 cum
1332 2361 1444 2394 locum
1483 2362 1610 2395 codicis
1634 2362 1668 2395 A
1703 2361 1748 2394 ab
1781 2362 1861 2405 ipso

379 2407 597 2441 Widukindo
635 2409 869 2452 conscriptum
906 2418 976 2442 esse
1012 2412 1179 2450 censeret,
1217 2419 1286 2442 non
1323 2408 1529 2451 explicavit,
1571 2409 1742 2452 quomodo
1778 2409 1862 2451 fieri
1882 2415 1920 2441 4⁰

369 2456 534 2498 potuerit,
561 2459 600 2487 ut
624 2456 777 2489 recensio
801 2455 927 2489 codicis
943 2456 989 2496 A,
1014 2466 1122 2499 quam
1147 2456 1220 2499 ipse
1241 2457 1401 2498 primam
1425 2466 1494 2489 esse
1518 2456 1623 2498 dixit,
1650 2456 1761 2489 locum
1777 2465 1859 2489 con—

372 2503 482 2536 tineat
504 2506 583 2546 post
606 2503 854 2536 narrationem
879 2502 1033 2536 codicum
1058 2503 1091 2536 B
1110 2504 1140 2538 1.
1166 2505 1200 2544 2,
1235 2507 1274 2536 ut
1298 2503 1371 2546 ipse
1390 2504 1584 2546 perspeoeit,
1609 2504 1793 2546 scriptum,
1819 2505 1860 2535 ut

371 2550 467 2583 lectio
499 2549 655 2582 codicum
679 2549 712 2582 B
731 2551 762 2584 1.
788 2551 809 2584 2
838 2551 1001 2592 primum
1034 2551 1167 2593 scripta
1202 2551 1241 2583 in
1274 2550 1308 2583 A
1336 2554 1418 2593 post
1451 2553 1588 2584 mutata
1621 2551 1680 2593 sit,
1715 2552 1754 2582 ut
1785 2550 1860 2594 ipse

372 2596 478 2638 infra
489 2607 528 2639 p.
543 2596 650 2631 XIX.
669 2596 773 2631 dixit.
815 2596 914 2637 Quod
930 2601 968 2629 ut
987 2598 1207 2640 eoeplanm·et‚
1226 2607 1303 2630 cum
1320 2597 1365 2630 ab
1381 2607 1418 2631 eo
1429 2598 1617 2640 petiissem,
1628 2601 1713 2640 post
1722 2606 1860 2640 paucos

372 2644 446 2676 dies
470 2643 656 2686 defunctus
679 2648 737 2678 est.
790 2643 949 2678 Conicere
973 2644 1110 2687 quidem
1130 2649 1230 2688 potes
1256 2644 1513 2677 Widulcindum
1537 2644 1670 2678 librum
1702 2643 1858 2677 nondum
1881 2649 1917 2676 45

372 2691 513 2732 finitum
537 2692 575 2723 in
601 2691 783 2733 eoeemplar
807 2692 1084 2735 transscriptum
1118 2692 1258 2725 cuidam
1291 2691 1435 2734 dedisse,
1471 2701 1571 2734 quem
1604 2691 1774 2733 offensum
1807 2691 1861 2723 iri

372 2737 559 2771 crediderit
583 2739 791 2772 narratione
825 2739 865 2772 de
889 2738 1045 2772 Hattone
1078 2739 1340 2782 archiepiscopo
1371 2738 1521 2780 fraudes
1553 2738 1671 2771 molito
1703 2738 1857 2779 famosa,

372 2785 511 2827 ideoque
536 2794 612 2817 eum
636 2785 729 2818 hanc
754 2786 919 2820 omisisse.
969 2785 1037 2819 Sed
1061 2796 1136 2828 cur,
1163 2795 1299 2829 quaeso,
1323 2795 1402 2818 cum
1426 2784 1490 2818 hoc
1513 2785 1650 2827 faciens
1672 2784 1858 2818 Cassalam

372 2832 483 2864 locum
516 2833 572 2864 rei
602 2835 716 2874 qestae
749 2832 948 2866 addendum
981 2843 1051 2867 esse
1084 2834 1239 2874 oluoeerit,
1273 2832 1367 2865 hunc
1397 2833 1436 2865 in
1468 2832 1658 2876 archetypo
1691 2841 1754 2865 suo
1787 2841 1858 2865 non

373 2878 584 2911 adnotavit?
632 2878 874 2919 Quaestionem
905 2890 1007 2923 pono,
1042 2890 1117 2913 rem-
1150 2879 1348 2913 diiudicare
1381 2879 1468 2914 nolo.
1526 2879 1599 2912 Nec
1630 2880 1721 2912 satis
1748 2879 1859 2922 plane
1881 2885 1917 2912 ⁵0

372 2925 486 2959 editor
519 2927 691 2968 exposuit,
725 2928 895 2969 quomodo
926 2928 1139 2961 recensiones
1162 2927 1208 2970 A,
1239 2926 1284 2969 B,
1311 2926 1341 2960 0
1370 2927 1464 2959 inter
1496 2936 1531 2959 se
1564 2935 1739 2960 connexae
1771 2926 1855 2968 sint,

373 2972 518 3005 codicem
543 2973 682 3014 quidem
702 2973 926 3007 Casinensem
945 2978 1163 3017 postremam
1188 2974 1361 3007 continere
1385 2983 1462 3006 cum
1482 2973 1568 3007 Viro
1586 2972 1637 3009 cl.
1659 2973 1701 3007 de
1717 2973 1857 3007 Sim-son
