2034 3380
337 317 382 350 72
936 311 1227 348 WIDUKINDJ.

240 440 436 486 939.que,
480 445 614 486 quem
655 432 771 474 sibil
801 447 879 475 rex
918 434 1258 515 prefecerat²·2,
1308 450 1411 477 cum
1456 436 1561 479 dolo
1601 439 1820 492 perimere

337 491 557 545 cogitant.
620 491 726 546 Ipse
758 492 914 533 dolum
980 493 1086 535 dolo
1114 507 1435 549 preoccupans,
1470 496 1675 538 convivio
1697 497 1820 540 claro

337 549 567 591 delibutos
599 563 651 591 ac
682 551 788 592 vino
820 551 1052 606 sepultos3
1083 553 1141 593 ad
1172 553 1390 607 trigintae
1428 554 1525 595 fere
1563 555 1821 610 principum

336 607 632 650 barbarorum
672 623 764 650 una
809 612 943 652 nocte
985 611 1179 652 extinxit
1191 611 1220 651 4.
1293 611 1382 653 Sed
1423 626 1527 653 cum
1566 627 1659 655 non
1699 614 1821 656 suffi-

337 669 459 708 ceret
491 670 652 708 contra
682 681 838 710 omnes
875 669 1084 710 nationes
1126 670 1421 712 barbarorum
1461 694 1519 698 —
1560 685 1611 713 eo
1652 673 1820 728 quippe
1846 688 1864 714 5

334 728 540 780 tempore
580 723 655 767 et‘1
690 727 930 781 Apodriti⁶
968 727 1315 777 rebellaverant,
1359 732 1405 771 et
1447 743 1577 772 caeso
1618 731 1821 773 exercitu

336 786 491 826 nostro
538 785 697 826 ducem
745 785 895 839 ipsum
940 786 1124 828 nomine
1167 783 1388 828 Haicamf
1424 789 1717 831 extinxerunt
1750 812 1818 839 -—-‚

336 842 392 883 ab
423 843 522 897 ipso
552 856 659 897 rege
692 844 871 898 saepius
904 844 1070 886 ductus
1108 846 1332 887 exercitus
1373 860 1448 888 eos
1488 847 1622 890 laesit
1661 850 1738 890 etg
1771 849 1820 889 in

335 901 493 942 multis
525 902 692 943 afflixit
724 905 769 943 et
800 903 850 942 in
880 902 1092 944 ultimam
1122 917 1238 957 pene
1261 904 1571 948 calamitatem
1592 907 1819 961 perduxit.

335 959 415 1000 Illi
454 974 561 1001 vero
602 960 927 1002 nichilominus
974 961 1146 1003 bellum
1194 976 1328 1016 quam
1369 977 1527 1017 pacem
1568 964 1818 1019 elegerunt,
1847 981 1880 1007 10

334 1031 515 1060 omnem
546 1019 776 1060 miseriam
807 1032 938 1060 carae
970 1019 1176 1061 libertati
1207 1023 1548 1075 postponentes.
1595 1022 1678 1064 Est
1699 1037 1820 1065 nam-

335 1089 423 1129 que
455 1076 771 1118 huiuscemodi
803 1091 946 1132 genus
977 1078 1212 1120 hominum
1248 1079 1414 1121 durum
1454 1082 1501 1123 et
1540 1081 1710 1123 laboris
1748 1096 1822 1137 pa—

335 1135 454 1176 tiens
468 1134 494 1181 ⁵,
528 1135 654 1176 victu
686 1135 913 1178 levissimo
946 1139 1190 1188 assuetum,
1225 1139 1272 1179 et
1312 1139 1434 1192 quod
1465 1140 1632 1182 nostris
1671 1141 1821 1194 gravis

335 1189 512 1235 onerish
549 1207 645 1236 esse
676 1194 805 1245 solet,
834 1191 1017 1236 Selavii-
1038 1210 1119 1250 pro
1152 1197 1348 1250 quadam
1369 1198 1608 1253 voluptate
1630 1199 1820 1241 ducunt.

334 1251 592 1294 Transeunt
623 1266 731 1294 sane
764 1253 859 1295 dies
885 1253 1084 1308 plurimi,
1118 1255 1189 1296 his
1211 1269 1293 1310 pro
1314 1256 1461 1310 gloria
1483 1259 1529 1299 et
1550 1271 1632 1312 pro
1654 1271 1820 1313 magno
1846 1273 1880 1299 ιε

334 1310 519 1364 latoque
550 1311 741 1365 imperio
755 1311 782 1361 θ,
815 1311 907 1353 illis
940 1327 1021 1367 pro
1053 1313 1268 1356 libertate
1302 1328 1354 1356 ac
1394 1315 1560 1358 ultima
1599 1317 1820 1359 servitute

334 1369 457 1411 varie
490 1370 772 1412 certantibus
789 1370 814 1413 ⁷.
876 1371 1050 1413 Multos
1087 1373 1254 1428 quippe
1294 1373 1387 1415 illis
1428 1374 1589 1416 diebus
1621 1375 1819 1418 Saxones

334 1427 631 1481 patiebantur
661 1429 827 1480 hostes,
862 1430 1046 1472 Sclavos
1086 1431 1142 1473 ab
1184 1432 1371 1482 oriente,
1414 1430 1641 1475 Francosk
1676 1448 1703 1475 a
1734 1448 1820 1477 me-

332 1486 461 1536 ridie,
495 1486 738 1529 Lotharios
770 1488 826 1530 ab
859 1489 1109 1539 occidente,
1144 1490 1200 1531 ab
1233 1491 1446 1544 aquilone
1478 1491 1663 1534 Danosss
1692 1493 1819 1535 item-

334 1558 421 1598 que
462 1542 699 1587 Sclavosl:
749 1549 1079 1602 proptereaque
1121 1548 1303 1590 barbari
1343 1549 1529 1604 longum
1571 1551 1819 1594 trahebant
1844 1567 1879 1593 20

333 1605 579 1645 certamen.

474 1673 604 1714 XXI.
658 1674 766 1716 Fuit
806 1677 994 1718 autemm
1025 1677 1210 1731 quidam
1251 1678 1439 1722 Sclavus
1476 1694 1503 1722 a
1541 1680 1648 1736 rege
1681 1681 1818 1724 Hein-

333 1731 426 1773 rico
457 1732 646 1774 relictus
659 1733 687 1783 ⁹,
723 1734 800 1788 qui
831 1734 929 1777 iure
960 1736 1112 1789 gentis
1143 1740 1335 1791 paterna
1366 1740 1649 1782 successione
1681 1741 1818 1782 domi-

331 1803 417 1831 nus
449 1794 567 1833 esset
599 1805 755 1833 eorum
788 1793 866 1847 qui
897 1794 1113 1836 dicuntur
1135 1795 1377 1848 Heveldi¹²‚
1411 1798 1562 1840 dictus
1583 1799 1816 1854 Tugumir.

332 1928 360 1958 a)
380 1928 543 1960 prefecera‚
566 1931 577 1954 t
595 1929 691 1956 den-it.
709 1930 745 1956 A.
834 1929 864 1964 b)
892 1931 956 1956 dolo
977 1930 1076 1956 dolum
1096 1933 1132 1958 A.
1153 1933 1240 1959 Saxo.
1333 1933 1361 1968 c)
1387 1923 1476 1963 XXX.
1497 1935 1531 1963 A.
1550 1936 1641 1964 Saxo.
1730 1936 1761 1968 d)
1787 1941 1817 1964 et
1841 1937 1875 1963 25

334 1969 387 1989 om.
407 1963 470 1988 132.
544 1963 572 1996 e)
591 1963 743 1995 appodriti
762 1965 788 1989 A
794 1974 805 1996 ;
824 1965 954 1991 Abotriti
973 1967 1025 1991 B2
1043 1974 1163 1999 semper.
1238 1968 1261 2001 f)
1280 1969 1395 1995 hoicam
1414 1971 1440 1995 A
1447 1979 1458 2001 ,·
1477 1971 1613 1996 hainoum
1633 1971 1663 2000 C.
1738 1973 1767 2004 g)
1787 1976 1817 1998 et

330 1998 358 2022 in
378 1998 472 2025 delrit.
492 1999 528 2026 A.
609 1999 640 2030 h)
658 2000 743 2031 graui
762 2001 859 2026 oneris
872 2001 898 2025 A
916 2002 948 2031 (o
967 2002 1070 2034 dalea).
1088 2003 1139 2027 Bl
1158 2004 1185 2034 (s
1204 2007 1368 2036 supet-ectu),
1388 2007 1413 2030 et
1431 2007 1471 2030 sic
1489 2006 1520 2030 in
1533 2007 1686 2039 archetypo
1705 2008 1818 2033 videtur

329 2033 466 2064 scriptum
484 2034 591 2064 fussee,-
609 2035 755 2066 grauioris
775 2035 814 2066 0;
832 2036 919 2067 graui
939 2037 1021 2062 oneri
1041 2038 1067 2062 Β
1081 2037 1112 2071 2;
1137 2039 1220 2063 oneri
1238 2040 1337 2071 (gravi
1357 2042 1427 2072 om.)
1444 2041 1534 2068 Saxo.
1608 2042 1630 2073 i)
1654 2042 1695 2067 sic
1712 2042 1739 2068 B
1751 2043 1776 2070 2.
1795 2044 1818 2068 0

330 2068 360 2100 (c
378 2071 554 2100 superscr.),·
572 2069 647 2094 slaui
666 2070 702 2097 A.
778 2069 809 2103 k)
827 2071 956 2096 Francos
975 2086 1010 2090 —
1028 2073 1178 2098 occidente
1199 2081 1254 2101 om.
1273 2075 1302 2102 C.
1322 2076 1412 2100 Saxo.
1486 2076 1507 2108 l)
1526 2077 1567 2101 sic
1585 2077 1645 2104 ΒΞ.
1664 2078 1687 2103 C
1704 2080 1729 2103 et
1747 2079 1777 2103 h.
1794 2079 1814 2106 l.

329 2103 455 2132 forsitan
466 2104 510 2169 (gv,
529 2105 697 2171 mcjmbrana
717 2106 875 2136 perforata
893 2114 987 2138 paene
1005 2108 1086 2135 delet.
1158 2110 1197 2139 m)
1217 2109 1338 2140 quidam
1356 2114 1455 2136 autem
1474 2112 1536 2138 ΒΞ.
1609 2111 1641 2147 n)
1661 2113 1771 2139 heuelli
1789 2115 1816 2140 A
1840 2113 1875 2139 30

328 2144 447 2170 semper,
503 2146 561 2164 axo
579 2157 586 2165 .

331 2231 365 2275 1)
391 2231 423 2264 Ι.
450 2242 475 2266 e.
502 2231 556 2266 iis.
641 2235 677 2277 2)
709 2235 800 2268 Gero
819 2239 966 2278 praeter
986 2246 1121 2280 pagum
1146 2238 1282 2272 Suevon
1306 2240 1380 2271 iam
1406 2250 1439 2274 a.
1458 2241 1538 2275 937.
1563 2241 1669 2274 etiam
1693 2241 1815 2275 Nord-

327 2278 548 2321 thurinyowe
572 2281 677 2323 remit,
713 2285 743 2314 et
777 2281 834 2314 his
858 2284 966 2316 annis
990 2284 1148 2318 marchio
1173 2285 1296 2319 limitis
1319 2286 1493 2320 Saxonioz·
1514 2289 1722 2322 constitutus
1745 2299 1815 2323 esse

329 2324 476 2360 videtur.
521 2325 701 2362 WAITZ.
746 2327 798 2369 Of.
825 2329 1020 2372 Dic‘mmler‚
1046 2330 1137 2364 ‘Otto
1170 2332 1205 2366 d.
1233 2332 1308 2367 Gr!
1329 2343 1368 2375 p.
1386 2334 1444 2374 85,
1472 2344 1508 2368 n.
1527 2336 1559 2369 2.
1681 2336 1717 2378 3)
1758 2336 1812 2377 Cf.

328 2381 442 2413 supra
460 2382 500 2414 p.
521 2373 576 2414 16,
605 2373 626 2408 l.
645 2374 710 2408 29:
737 2384 845 2417 super
864 2374 1066 2419 inprovisos
1087 2379 1124 2411 et
1145 2388 1271 2412 somno
1293 2379 1472 2423 sepultos;
1504 2380 1634 2423 Veryil.
1652 2382 1739 2417 Aen.
1756 2382 1812 2425 II,
1838 2391 1872 2417 35

327 2428 360 2450 v.
372 2418 463 2453 265:
481 2428 607 2452 somno
625 2419 783 2463 vinoque
800 2421 998 2465 sepultam;
1023 2423 1099 2466 III,
1118 2435 1147 2459 v.
1162 2426 1250 2460 630:
1275 2424 1432 2469 vinoque-
1449 2427 1622 2470 sepultus.
1686 2429 1723 2471 4)
1753 2429 1811 2471 Cf.

330 2464 371 2496 de
395 2464 456 2498 hoc
480 2465 554 2498 loco
577 2466 764 2501 Dicmmler
787 2468 810 2503 l.
833 2468 857 2503 l.
877 2479 916 2511 p.
933 2470 993 2512 85,
1019 2481 1054 2505 n.
1071 2472 1104 2505 3.
1202 2471 1238 2516 5)
1275 2472 1330 2514 Cf.
1356 2474 1459 2515 infra
1483 2474 1560 2515 ΙΙΙ,
1579 2476 1646 2510 22:
1670 2475 1812 2520 patiens

330 2509 517 2555 laborum;
554 2512 701 2549 Sallust.
735 2514 816 2556 luy.
841 2525 868 2550 c.
886 2517 951 2551 44:
986 2515 1121 2550 laboris
1151 2518 1304 2562 patiens.
1402 2519 1437 2564 6)
1475 2521 1528 2563 Cf.
1554 2532 1667 2566 supra
1694 2534 1733 2567 p.
1751 2524 1810 2566 69,

326 2559 349 2592 Z.
370 2559 424 2593 14.
450 2562 481 2591 et
504 2570 541 2593 n.
558 2560 590 2594 5.
712 2561 747 2604 7)
788 2560 842 2604 Of.
868 2562 1012 2599 Sallust.
1038 2564 1118 2607 luy.
1144 2575 1170 2600 c.
1190 2567 1254 2601 94:
1288 2576 1356 2609 pro
1380 2567 1500 2611 gloria
1524 2571 1633 2612 atque
1657 2568 1811 2614 imperio

327 2603 392 2647 his,
428 2604 498 2638 illis
528 2616 595 2649 pro
620 2606 736 2641 salute
766 2609 998 2644 certantibus.
1047 2611 1171 2645 Etiam
1196 2623 1310 2657 supra
1327 2624 1367 2656 p.
1388 2615 1444 2656 14,
1471 2615 1493 2650 l.
1513 2616 1557 2650 17
1570 2626 1642 2659 sqq.
1669 2620 1699 2650 et
1722 2627 1758 2652 n.
1775 2619 1810 2652 3.
1834 2625 1872 2650 40

326 2652 365 2694 8)
393 2651 447 2693 Cf.
470 2652 667 2696 Diimmler,
693 2653 784 2689 ‘Otto
808 2656 843 2690 d.
871 2656 947 2690 Gr!
970 2669 1007 2701 p.
1025 2659 1082 2701 85,
1109 2669 1145 2694 n.
1163 2660 1204 2703 43
1231 2660 1447 2705 Steenstrup,
1473 2662 1696 2696 ‘Danmarks
1720 2663 1811 2706 Syd-

326 2697 479 2740 9roense’
517 2700 811 2745 (Urbim-From.
849 2703 1085 2745 Kjo'benhavn
1123 2707 1232 2746 1900)
1264 2719 1303 2751 p.
1329 2709 1385 2743 51.
1514 2710 1550 2752 9)
1591 2709 1646 2751 Cf.
1684 2709 1810 2754 Kb'plce

324 2756 359 2788 p.
385 2747 453 2781 148
470 2756 522 2789 sq.
548 2751 580 2781 et
603 2747 732 2791 Waitz,
761 2748 898 2786 ‘Heinr.
921 2751 964 2786 I!
990 2752 1044 2786 ed.
1068 2754 1100 2790 3.
1126 2765 1166 2797 p.
1186 2755 1266 2796 130,
1290 2765 1327 2787 n.
1352 2756 1385 2797 2,
1410 2756 1474 2798 qui
1496 2755 1590 2789 huno
1607 2758 1809 2801 prinoipem

327 2792 515 2826 scavorum
555 2805 589 2829 α.
627 2796 707 2831 929.
751 2797 789 2829 in
824 2798 960 2841 proelio
996 2800 1096 2842 apud
1131 2800 1270 2835 Lenzen
1307 2811 1385 2834 oum
1420 2801 1592 2836 Redariis
1628 2805 1810 2838 commisso

326 2844 453 2881 (supra
477 2840 515 2882 I,
542 2842 606 2879 36)
629 2841 795 2877 Heinrici
818 2846 1053 2888 captivitatem
1076 2847 1209 2882 subisse
1232 2847 1411 2891 volebant;
1443 2858 1520 2882 eum
1544 2850 1810 2894 Brundenbury
1832 2858 1868 2885 45

326 2886 463 2919 civitate
497 2893 704 2931 eoepuynata
737 2890 792 2932 (I,
821 2892 884 2929 35)
925 2895 1067 2936 captum
1102 2903 1172 2928 esse
1209 2894 1254 2927 ab
1289 2893 1483 2937 Ottenthal,
1516 2895 1601 2940 Rey.
1636 2897 1727 2942 Imp.
1752 2898 1808 2941 II,

325 2941 382 2969 nr,
409 2934 454 2967 23
464 2932 495 2974 b,
523 2935 746 2977 probabilius
773 2939 921 2974 coniecit.
