<?xml version="1.0" encoding="UTF-8"?>
<!DOCTYPE html PUBLIC "-//W3C//DTD XHTML 1.0 Transitional//EN"
    "http://www.w3.org/TR/xhtml1/DTD/xhtml1-transitional.dtd">
<html xmlns="http://www.w3.org/1999/xhtml" xml:lang="en" lang="en">
 <head>
  <title>
</title>
<meta http-equiv="Content-Type" content="text/html;charset=utf-8" />
  <meta name='ocr-system' content='tesseract 3.04.00' />
  <meta name='ocr-capabilities' content='ocr_page ocr_carea ocr_par ocr_line ocrx_word'/>
</head>
<body>
  <div class='ocr_page' id='page_1' title='image "./rerumgestarumsax00widuuoft_0159.png"; bbox 0 0 2034 3380; ppageno 0'>
   <div class='ocr_carea' id='block_1_1' title="bbox 381 343 1681 382">
    <p class='ocr_par' dir='ltr' id='par_1_1' title="bbox 381 343 1681 382">
     <span class='ocr_line' id='line_1_1' title="bbox 381 343 1681 382; baseline 0 -2"><span class='ocrx_word' id='word_1_1' title='bbox 381 343 566 380; x_wconf 81' lang='lat' dir='ltr'><strong>RERUM</strong></span> <span class='ocrx_word' id='word_1_2' title='bbox 589 343 871 380; x_wconf 79' lang='lat' dir='ltr'><strong>GESTARUM</strong></span> <span class='ocrx_word' id='word_1_3' title='bbox 895 343 1273 380; x_wconf 78' lang='lat' dir='ltr'><em>SAXONICARUM</em></span> <span class='ocrx_word' id='word_1_4' title='bbox 1296 344 1394 382; x_wconf 89' lang='lat' dir='ltr'><strong>LIB.</strong></span> <span class='ocrx_word' id='word_1_5' title='bbox 1418 344 1493 381; x_wconf 86' lang='lat' dir='ltr'><strong>HI.</strong></span> <span class='ocrx_word' id='word_1_6' title='bbox 1614 346 1681 381; x_wconf 86' lang='lat'><strong>121</strong></span> 
     </span>
    </p>
   </div>
   <div class='ocr_carea' id='block_1_2' title="bbox 138 460 1859 2220">
    <p class='ocr_par' dir='ltr' id='par_1_2' title="bbox 195 460 1776 696">
     <span class='ocr_line' id='line_1_2' title="bbox 197 460 1776 509; baseline 0.001 -2"><span class='ocrx_word' id='word_1_7' title='bbox 197 466 285 507; x_wconf 74' lang='lat' dir='ltr'><strong>ad²</strong></span> <span class='ocrx_word' id='word_1_8' title='bbox 320 466 624 508; x_wconf 82' lang='lat' dir='ltr'><strong>reversionem</strong></span> <span class='ocrx_word' id='word_1_9' title='bbox 666 465 869 506; x_wconf 88' lang='lat' dir='ltr'><strong>hostium</strong></span> <span class='ocrx_word' id='word_1_10' title='bbox 910 460 1112 506; x_wconf 72' lang='lat' dir='ltr'><strong>monetb.</strong></span> <span class='ocrx_word' id='word_1_11' title='bbox 1176 464 1290 506; x_wconf 85' lang='lat' dir='ltr'><strong>Cum</strong></span> <span class='ocrx_word' id='word_1_12' title='bbox 1324 479 1378 507; x_wconf 87' lang='lat' dir='ltr'><strong>ex</strong></span> <span class='ocrx_word' id='word_1_13' title='bbox 1410 466 1599 507; x_wconf 86' lang='lat' dir='ltr'><strong>adverso</strong></span> <span class='ocrx_word' id='word_1_14' title='bbox 1636 467 1683 507; x_wconf 90' lang='lat' dir='ltr'><strong>et</strong></span> <span class='ocrx_word' id='word_1_15' title='bbox 1696 473 1776 509; x_wconf 86' lang='grc'><strong>967.</strong></span> 
     </span>
     <span class='ocr_line' id='line_1_3' title="bbox 197 523 1683 579; baseline 0.001 -14"><span class='ocrx_word' id='word_1_16' title='bbox 197 526 301 579; x_wconf 88' lang='lat' dir='ltr'><strong>post</strong></span> <span class='ocrx_word' id='word_1_17' title='bbox 352 527 534 579; x_wconf 89' lang='lat' dir='ltr'><strong>tergum</strong></span> <span class='ocrx_word' id='word_1_18' title='bbox 584 525 912 579; x_wconf 77' lang='lat' dir='ltr'><strong>premeretur⁰‚</strong></span> <span class='ocrx_word' id='word_1_19' title='bbox 958 523 1293 565; x_wconf 86' lang='lat' dir='ltr'><strong>Wichmannus</strong></span> <span class='ocrx_word' id='word_1_20' title='bbox 1350 524 1508 577; x_wconf 79' lang='lat' dir='ltr'><strong>fugam</strong></span> <span class='ocrx_word' id='word_1_21' title='bbox 1566 524 1683 566; x_wconf 88' lang='lat' dir='ltr'><strong>inire</strong></span> 
     </span>
     <span class='ocr_line' id='line_1_4' title="bbox 195 582 1683 666; baseline 0.001 -42"><span class='ocrx_word' id='word_1_22' title='bbox 195 583 457 666; x_wconf 47' lang='grc' dir='ltr'><strong>138111Ρ138ν1ὺ.</strong></span> <span class='ocrx_word' id='word_1_23' title='bbox 518 582 560 624; x_wconf 88' lang='lat' dir='ltr'>A</span> <span class='ocrx_word' id='word_1_24' title='bbox 593 582 756 624; x_wconf 86' lang='lat' dir='ltr'><strong>sociis¹</strong></span> <span class='ocrx_word' id='word_1_25' title='bbox 786 582 932 636; x_wconf 88' lang='lat' dir='ltr'><strong>igitur</strong></span> <span class='ocrx_word' id='word_1_26' title='bbox 963 582 1174 636; x_wconf 87' lang='lat' dir='ltr'><strong>arguitur</strong></span> <span class='ocrx_word' id='word_1_27' title='bbox 1205 582 1400 632; x_wconf 86' lang='lat' dir='ltr'><strong>sceleris,</strong></span> <span class='ocrx_word' id='word_1_28' title='bbox 1439 583 1546 636; x_wconf 91' lang='lat' dir='ltr'><strong>quia</strong></span> <span class='ocrx_word' id='word_1_29' title='bbox 1585 583 1683 637; x_wconf 90' lang='lat' dir='ltr'><strong>ipse</strong></span> 
     </span>
     <span class='ocr_line' id='line_1_5' title="bbox 198 641 1683 696; baseline 0 -13"><span class='ocrx_word' id='word_1_30' title='bbox 198 655 274 683; x_wconf 90' lang='grc'><strong>808</strong></span> <span class='ocrx_word' id='word_1_31' title='bbox 329 642 388 683; x_wconf 87' lang='lat' dir='ltr'><strong>ad</strong></span> <span class='ocrx_word' id='word_1_32' title='bbox 404 655 606 696; x_wconf 89' lang='lat' dir='ltr'><strong>pugnam</strong></span> <span class='ocrx_word' id='word_1_33' title='bbox 627 641 918 695; x_wconf 85' lang='lat' dir='ltr'><strong>instigaverit</strong></span> <span class='ocrx_word' id='word_1_34' title='bbox 934 641 1170 694; x_wconf 88' lang='lat' dir='ltr'><strong>fidensque</strong></span> <span class='ocrx_word' id='word_1_35' title='bbox 1192 653 1308 694; x_wconf 89' lang='lat' dir='ltr'><strong>equo</strong></span> <span class='ocrx_word' id='word_1_36' title='bbox 1323 641 1350 689; x_wconf 79' lang='lat'><strong>²,</strong></span> <span class='ocrx_word' id='word_1_37' title='bbox 1375 655 1478 682; x_wconf 90' lang='lat' dir='ltr'><strong>cum</strong></span> <span class='ocrx_word' id='word_1_38' title='bbox 1501 654 1683 683; x_wconf 87' lang='lat' dir='ltr'><strong>necesse</strong></span> 
     </span>
    </p>

    <p class='ocr_par' dir='ltr' id='par_1_3' title="bbox 154 699 1850 989">
     <span class='ocr_line' id='line_1_6' title="bbox 154 699 1681 754; baseline -0.001 -13"><span class='ocrx_word' id='word_1_39' title='bbox 154 716 172 741; x_wconf 81' lang='lat'><strong>6</strong></span> <span class='ocrx_word' id='word_1_40' title='bbox 196 701 353 750; x_wconf 83' lang='lat' dir='ltr'><strong>fuerit,</strong></span> <span class='ocrx_word' id='word_1_41' title='bbox 384 700 544 754; x_wconf 83' lang='lat' dir='ltr'><strong>fugam</strong></span> <span class='ocrx_word' id='word_1_42' title='bbox 575 699 715 742; x_wconf 84' lang='lat' dir='ltr'><strong>facile</strong></span> <span class='ocrx_word' id='word_1_43' title='bbox 746 700 914 741; x_wconf 89' lang='lat' dir='ltr'><strong>inierit.</strong></span> <span class='ocrx_word' id='word_1_44' title='bbox 968 699 1165 741; x_wconf 84' lang='lat' dir='ltr'><strong>Coactus</strong></span> <span class='ocrx_word' id='word_1_45' title='bbox 1197 700 1353 753; x_wconf 93' lang='lat' dir='ltr'><strong>itaque</strong></span> <span class='ocrx_word' id='word_1_46' title='bbox 1385 713 1501 753; x_wconf 90' lang='lat' dir='ltr'><strong>equo</strong></span> <span class='ocrx_word' id='word_1_47' title='bbox 1534 700 1681 749; x_wconf 79' lang='lat' dir='ltr'><strong>cessit,</strong></span> 
     </span>
     <span class='ocr_line' id='line_1_7' title="bbox 197 758 1684 814; baseline -0.001 -14"><span class='ocrx_word' id='word_1_48' title='bbox 197 759 446 814; x_wconf 73' lang='lat' dir='ltr'><strong>pedestris0</strong></span> <span class='ocrx_word' id='word_1_49' title='bbox 485 772 588 800; x_wconf 89' lang='lat' dir='ltr'><strong>cum</strong></span> <span class='ocrx_word' id='word_1_50' title='bbox 621 759 754 800; x_wconf 83' lang='grc'><strong>800118</strong></span> <span class='ocrx_word' id='word_1_51' title='bbox 786 761 1019 800; x_wconf 87' lang='lat' dir='ltr'><strong>certamen</strong></span> <span class='ocrx_word' id='word_1_52' title='bbox 1050 759 1168 808; x_wconf 84' lang='lat' dir='ltr'><strong>iniit,</strong></span> <span class='ocrx_word' id='word_1_53' title='bbox 1207 771 1350 812; x_wconf 90' lang='lat' dir='ltr'><strong>eoque</strong></span> <span class='ocrx_word' id='word_1_54' title='bbox 1383 759 1457 800; x_wconf 91' lang='lat' dir='ltr'><strong>die</strong></span> <span class='ocrx_word' id='word_1_55' title='bbox 1488 758 1684 800; x_wconf 85' lang='lat' dir='ltr'><strong>viriliter</strong></span> 
     </span>
     <span class='ocr_line' id='line_1_8' title="bbox 196 817 1685 899; baseline 0 -41"><span class='ocrx_word' id='word_1_56' title='bbox 196 831 433 899; x_wconf 78' lang='lat' dir='ltr'><strong>pugnansf</strong></span> <span class='ocrx_word' id='word_1_57' title='bbox 447 817 584 858; x_wconf 88' lang='lat' dir='ltr'><strong>armis</strong></span> <span class='ocrx_word' id='word_1_58' title='bbox 625 817 904 859; x_wconf 84' lang='lat' dir='ltr'><strong>defenditur.</strong></span> <span class='ocrx_word' id='word_1_59' title='bbox 979 817 1159 859; x_wconf 92' lang='lat' dir='ltr'><strong>Ieiunio</strong></span> <span class='ocrx_word' id='word_1_60' title='bbox 1200 819 1355 858; x_wconf 89' lang='lat' dir='ltr'><strong>autem</strong></span> <span class='ocrx_word' id='word_1_61' title='bbox 1396 819 1442 859; x_wconf 92' lang='lat' dir='ltr'><strong>et</strong></span> <span class='ocrx_word' id='word_1_62' title='bbox 1487 817 1685 871; x_wconf 85' lang='lat' dir='ltr'>longiori</span> 
     </span>
     <span class='ocr_line' id='line_1_9' title="bbox 195 871 1859 930; baseline 0.001 -14"><span class='ocrx_word' id='word_1_63' title='bbox 195 876 282 926; x_wconf 84' lang='lat' dir='ltr'><strong>via,</strong></span> <span class='ocrx_word' id='word_1_64' title='bbox 316 871 433 930; x_wconf 76' lang='lat' dir='ltr'><strong>quas</strong></span> <span class='ocrx_word' id='word_1_65' title='bbox 461 890 542 930; x_wconf 90' lang='lat' dir='ltr'><strong>per</strong></span> <span class='ocrx_word' id='word_1_66' title='bbox 571 878 719 918; x_wconf 89' lang='lat' dir='ltr'><strong>totam</strong></span> <span class='ocrx_word' id='word_1_67' title='bbox 750 878 933 917; x_wconf 85' lang='lat' dir='ltr'><strong>noctem</strong></span> <span class='ocrx_word' id='word_1_68' title='bbox 966 878 1169 917; x_wconf 88' lang='lat' dir='ltr'><strong>armatus</strong></span> <span class='ocrx_word' id='word_1_69' title='bbox 1190 876 1390 926; x_wconf 88' lang='lat' dir='ltr'><strong>incessit,</strong></span> <span class='ocrx_word' id='word_1_70' title='bbox 1424 889 1557 917; x_wconf 89' lang='lat' dir='ltr'><strong>mane</strong></span> <span class='ocrx_word' id='word_1_71' title='bbox 1580 889 1682 917; x_wconf 89' lang='lat' dir='ltr'><strong>cum</strong></span> <span class='ocrx_word' id='word_1_72' title='bbox 1697 893 1787 925; x_wconf 74' lang='lat' dir='ltr'><strong>(Sept.</strong></span> <span class='ocrx_word' id='word_1_73' title='bbox 1801 893 1859 924; x_wconf 80' lang='lat'><em>22).</em></span> 
     </span>
     <span class='ocr_line' id='line_1_10' title="bbox 196 935 1682 989; baseline 0 -14"><span class='ocrx_word' id='word_1_74' title='bbox 196 935 354 989; x_wconf 81' lang='lat' dir='ltr'><strong>paucis</strong></span> <span class='ocrx_word' id='word_1_75' title='bbox 386 935 633 976; x_wconf 83' lang='lat' dir='ltr'>admodum</span> <span class='ocrx_word' id='word_1_76' title='bbox 665 949 817 976; x_wconf 90' lang='lat' dir='ltr'><strong>aream</strong></span> <span class='ocrx_word' id='word_1_77' title='bbox 858 935 1095 976; x_wconf 87' lang='lat' dir='ltr'><strong>cuiusdam</strong></span> <span class='ocrx_word' id='word_1_78' title='bbox 1134 935 1256 975; x_wconf 78' lang='lat' dir='ltr'><strong>iamg</strong></span> <span class='ocrx_word' id='word_1_79' title='bbox 1289 935 1438 976; x_wconf 81' lang='lat' dir='ltr'><strong>fessus</strong></span> <span class='ocrx_word' id='word_1_80' title='bbox 1477 935 1682 976; x_wconf 87' lang='lat' dir='ltr'><strong>intravit.</strong></span> 
     </span>
    </p>

    <p class='ocr_par' dir='ltr' id='par_1_4' title="bbox 138 989 1685 1106">
     <span class='ocr_line' id='line_1_11' title="bbox 138 989 1685 1048; baseline 0 -14"><span class='ocrx_word' id='word_1_81' title='bbox 138 1009 172 1033; x_wconf 89' lang='lat'><strong>10</strong></span> <span class='ocrx_word' id='word_1_82' title='bbox 198 993 455 1048; x_wconf 87' lang='lat' dir='ltr'><strong>Optimates</strong></span> <span class='ocrx_word' id='word_1_83' title='bbox 501 989 684 1035; x_wconf 82' lang='lat' dir='ltr'><strong>autemh</strong></span> <span class='ocrx_word' id='word_1_84' title='bbox 729 994 931 1035; x_wconf 89' lang='lat' dir='ltr'><strong>hostium</strong></span> <span class='ocrx_word' id='word_1_85' title='bbox 979 1007 1081 1035; x_wconf 86' lang='lat' dir='ltr'><strong>cum</strong></span> <span class='ocrx_word' id='word_1_86' title='bbox 1124 1006 1228 1035; x_wconf 91' lang='lat' dir='ltr'><strong>eum</strong></span> <span class='ocrx_word' id='word_1_87' title='bbox 1268 993 1588 1048; x_wconf 89' lang='lat' dir='ltr'><strong>repperissent</strong></span> <span class='ocrx_word' id='word_1_88' title='bbox 1631 1007 1685 1035; x_wconf 84' lang='lat' dir='ltr'><strong>ex</strong></span> 
     </span>
     <span class='ocr_line' id='line_1_12' title="bbox 198 1047 1684 1106; baseline 0 -14"><span class='ocrx_word' id='word_1_89' title='bbox 198 1052 334 1093; x_wconf 89' lang='lat' dir='ltr'><strong>armis</strong></span> <span class='ocrx_word' id='word_1_90' title='bbox 366 1047 668 1106; x_wconf 85' lang='lat' dir='ltr'><strong>agnoscunt¹‚</strong></span> <span class='ocrx_word' id='word_1_91' title='bbox 702 1052 810 1106; x_wconf 89' lang='lat' dir='ltr'><strong>quia</strong></span> <span class='ocrx_word' id='word_1_92' title='bbox 835 1053 903 1093; x_wconf 88' lang='lat' dir='ltr'><strong>vir</strong></span> <span class='ocrx_word' id='word_1_93' title='bbox 935 1052 1139 1094; x_wconf 90' lang='lat' dir='ltr'><strong>eminens</strong></span> <span class='ocrx_word' id='word_1_94' title='bbox 1165 1054 1296 1093; x_wconf 89' lang='lat' dir='ltr'><strong>esset.</strong></span> <span class='ocrx_word' id='word_1_95' title='bbox 1349 1052 1684 1105; x_wconf 87' lang='lat' dir='ltr'><strong>Interrogatus-</strong></span> 
     </span>
    </p>

    <p class='ocr_par' dir='ltr' id='par_1_5' title="bbox 197 1106 1685 1283">
     <span class='ocr_line' id='line_1_13' title="bbox 198 1106 1685 1165; baseline -0.001 -13"><span class='ocrx_word' id='word_1_96' title='bbox 198 1106 315 1164; x_wconf 80' lang='lat' dir='ltr'><strong>quek</strong></span> <span class='ocrx_word' id='word_1_97' title='bbox 359 1111 416 1152; x_wconf 88' lang='lat' dir='ltr'><strong>ab</strong></span> <span class='ocrx_word' id='word_1_98' title='bbox 462 1111 544 1161; x_wconf 89' lang='lat' dir='ltr'><strong>eis,</strong></span> <span class='ocrx_word' id='word_1_99' title='bbox 592 1111 801 1165; x_wconf 89' lang='lat' dir='ltr'><strong>quisnam</strong></span> <span class='ocrx_word' id='word_1_100' title='bbox 848 1113 985 1161; x_wconf 88' lang='lat' dir='ltr'><strong>esset,</strong></span> <span class='ocrx_word' id='word_1_101' title='bbox 1021 1106 1401 1152; x_wconf 89' lang='lat' dir='ltr'><strong>Wichmannum¹</strong></span> <span class='ocrx_word' id='word_1_102' title='bbox 1449 1124 1496 1152; x_wconf 95' lang='grc'><strong>88</strong></span> <span class='ocrx_word' id='word_1_103' title='bbox 1542 1111 1685 1152; x_wconf 81' lang='lat' dir='ltr'><strong>fore¹¹¹</strong></span> 
     </span>
     <span class='ocr_line' id='line_1_14' title="bbox 197 1169 1684 1224; baseline 0 -14"><span class='ocrx_word' id='word_1_104' title='bbox 197 1169 428 1223; x_wconf 84' lang='lat' dir='ltr'><strong>professus</strong></span> <span class='ocrx_word' id='word_1_105' title='bbox 472 1171 554 1211; x_wconf 89' lang='lat' dir='ltr'><strong>est.</strong></span> <span class='ocrx_word' id='word_1_106' title='bbox 634 1171 695 1210; x_wconf 89' lang='lat' dir='ltr'><strong>At</strong></span> <span class='ocrx_word' id='word_1_107' title='bbox 734 1169 806 1210; x_wconf 93' lang='lat' dir='ltr'><strong>illi</strong></span> <span class='ocrx_word' id='word_1_108' title='bbox 846 1183 973 1210; x_wconf 88' lang='lat' dir='ltr'><strong>arma</strong></span> <span class='ocrx_word' id='word_1_109' title='bbox 1018 1170 1244 1224; x_wconf 87' lang='lat' dir='ltr'><strong>deponere</strong></span> <span class='ocrx_word' id='word_1_110' title='bbox 1285 1170 1516 1210; x_wconf 84' lang='lat' dir='ltr'><strong>exhortati</strong></span> <span class='ocrx_word' id='word_1_111' title='bbox 1562 1171 1684 1210; x_wconf 88' lang='lat' dir='ltr'><strong>sunt.</strong></span> 
     </span>
     <span class='ocr_line' id='line_1_15' title="bbox 199 1228 1685 1283; baseline 0.001 -15"><span class='ocrx_word' id='word_1_112' title='bbox 199 1228 356 1269; x_wconf 87' lang='lat' dir='ltr'><strong>Fidem</strong></span> <span class='ocrx_word' id='word_1_113' title='bbox 399 1228 564 1270; x_wconf 90' lang='lat' dir='ltr'><strong>deinde</strong></span> <span class='ocrx_word' id='word_1_114' title='bbox 605 1229 834 1283; x_wconf 89' lang='lat' dir='ltr'><strong>spondent</strong></span> <span class='ocrx_word' id='word_1_115' title='bbox 880 1228 1055 1269; x_wconf 88' lang='lat' dir='ltr'><strong>salvum</strong></span> <span class='ocrx_word' id='word_1_116' title='bbox 1097 1242 1198 1269; x_wconf 89' lang='lat' dir='ltr'><strong>eum</strong></span> <span class='ocrx_word' id='word_1_117' title='bbox 1243 1228 1428 1269; x_wconf 87' lang='lat' dir='ltr'><strong>domino</strong></span> <span class='ocrx_word' id='word_1_118' title='bbox 1468 1241 1550 1269; x_wconf 89' lang='lat' dir='ltr'><strong>suo</strong></span> <span class='ocrx_word' id='word_1_119' title='bbox 1590 1242 1685 1282; x_wconf 88' lang='lat' dir='ltr'><strong>pre-</strong></span> 
     </span>
    </p>

    <p class='ocr_par' dir='ltr' id='par_1_6' title="bbox 138 1284 1686 1571">
     <span class='ocr_line' id='line_1_16' title="bbox 138 1284 1685 1341; baseline 0.001 -15"><span class='ocrx_word' id='word_1_120' title='bbox 138 1301 172 1326; x_wconf 82' lang='lat'><strong>15</strong></span> <span class='ocrx_word' id='word_1_121' title='bbox 197 1287 370 1328; x_wconf 88' lang='lat' dir='ltr'><strong>sentari</strong></span> <span class='ocrx_word' id='word_1_122' title='bbox 401 1287 578 1340; x_wconf 88' lang='lat' dir='ltr'><strong>hocque</strong></span> <span class='ocrx_word' id='word_1_123' title='bbox 601 1284 731 1341; x_wconf 63' lang='lat' dir='ltr'><strong>&#39;apud</strong></span> <span class='ocrx_word' id='word_1_124' title='bbox 753 1287 902 1341; x_wconf 87' lang='lat' dir='ltr'><strong>ipsum</strong></span> <span class='ocrx_word' id='word_1_125' title='bbox 925 1287 1145 1336; x_wconf 88' lang='lat' dir='ltr'><strong>obtinere,</strong></span> <span class='ocrx_word' id='word_1_126' title='bbox 1169 1287 1386 1340; x_wconf 78' lang='lat' dir='ltr'><strong>quatinus</strong></span> <span class='ocrx_word' id='word_1_127' title='bbox 1407 1286 1685 1328; x_wconf 89' lang='lat' dir='ltr'><strong>incolumem</strong></span> 
     </span>
     <span class='ocr_line' id='line_1_17' title="bbox 197 1345 1684 1399; baseline 0.001 -14"><span class='ocrx_word' id='word_1_128' title='bbox 197 1345 462 1399; x_wconf 87' lang='lat' dir='ltr'><strong>imperatori</strong></span> <span class='ocrx_word' id='word_1_129' title='bbox 494 1345 758 1387; x_wconf 71' lang='lat' dir='ltr'><strong>restituatn.</strong></span> <span class='ocrx_word' id='word_1_130' title='bbox 822 1345 924 1394; x_wconf 83' lang='lat' dir='ltr'><strong>Ille,</strong></span> <span class='ocrx_word' id='word_1_131' title='bbox 967 1345 1076 1386; x_wconf 88' lang='lat' dir='ltr'><strong>licet</strong></span> <span class='ocrx_word' id='word_1_132' title='bbox 1116 1346 1165 1385; x_wconf 91' lang='lat' dir='ltr'><strong>in</strong></span> <span class='ocrx_word' id='word_1_133' title='bbox 1206 1345 1372 1386; x_wconf 89' lang='lat' dir='ltr'><strong>ultima</strong></span> <span class='ocrx_word' id='word_1_134' title='bbox 1411 1346 1684 1387; x_wconf 69' lang='lat' dir='ltr'><strong>necessitate</strong></span> 
     </span>
     <span class='ocr_line' id='line_1_18' title="bbox 197 1403 1685 1458; baseline 0.001 -13"><span class='ocrx_word' id='word_1_135' title='bbox 197 1404 258 1445; x_wconf 93' lang='lat' dir='ltr'><strong>sit</strong></span> <span class='ocrx_word' id='word_1_136' title='bbox 298 1404 591 1452; x_wconf 76' lang='lat' dir='ltr'><strong>constitutus,</strong></span> <span class='ocrx_word' id='word_1_137' title='bbox 641 1407 758 1445; x_wconf 82' lang='grc' dir='ltr'><strong>11011ο</strong></span> <span class='ocrx_word' id='word_1_138' title='bbox 801 1404 1025 1446; x_wconf 89' lang='lat' dir='ltr'><strong>inmemor</strong></span> <span class='ocrx_word' id='word_1_139' title='bbox 1070 1404 1291 1458; x_wconf 83' lang='lat' dir='ltr'><strong>pristinae</strong></span> <span class='ocrx_word' id='word_1_140' title='bbox 1332 1403 1591 1445; x_wconf 85' lang='lat' dir='ltr'><strong>nobilitatis</strong></span> <span class='ocrx_word' id='word_1_141' title='bbox 1632 1418 1685 1446; x_wconf 87' lang='lat' dir='ltr'><strong>ac</strong></span> 
     </span>
     <span class='ocr_line' id='line_1_19' title="bbox 199 1462 1686 1517; baseline 0 -14"><span class='ocrx_word' id='word_1_142' title='bbox 199 1463 382 1503; x_wconf 87' lang='lat' dir='ltr'><strong>virtutis</strong></span> <span class='ocrx_word' id='word_1_143' title='bbox 395 1462 423 1512; x_wconf 81' lang='lat'><strong>3,</strong></span> <span class='ocrx_word' id='word_1_144' title='bbox 475 1463 750 1517; x_wconf 87' lang='lat' dir='ltr'><strong>dedignatus</strong></span> <span class='ocrx_word' id='word_1_145' title='bbox 797 1465 867 1504; x_wconf 89' lang='lat' dir='ltr'><strong>est</strong></span> <span class='ocrx_word' id='word_1_146' title='bbox 911 1462 1085 1504; x_wconf 88' lang='lat' dir='ltr'><strong>talibus</strong></span> <span class='ocrx_word' id='word_1_147' title='bbox 1131 1476 1318 1503; x_wconf 90' lang='lat' dir='ltr'><strong>manum</strong></span> <span class='ocrx_word' id='word_1_148' title='bbox 1365 1463 1473 1504; x_wconf 90' lang='lat' dir='ltr'><strong>dare</strong></span> <span class='ocrx_word' id='word_1_149' title='bbox 1485 1462 1514 1513; x_wconf 77' lang='lat'><strong>4,</strong></span> <span class='ocrx_word' id='word_1_150' title='bbox 1568 1463 1686 1517; x_wconf 88' lang='lat' dir='ltr'><strong>petit</strong></span> 
     </span>
     <span class='ocr_line' id='line_1_20' title="bbox 197 1521 1686 1571; baseline 0.001 -10"><span class='ocrx_word' id='word_1_151' title='bbox 197 1524 366 1571; x_wconf 83' lang='lat' dir='ltr'><strong>tamen,</strong></span> <span class='ocrx_word' id='word_1_152' title='bbox 406 1523 462 1562; x_wconf 90' lang='lat' dir='ltr'><strong>ut</strong></span> <span class='ocrx_word' id='word_1_153' title='bbox 500 1521 701 1563; x_wconf 79' lang='lat' dir='ltr'><strong>Misacol&#39;</strong></span> <span class='ocrx_word' id='word_1_154' title='bbox 743 1522 800 1563; x_wconf 91' lang='lat' dir='ltr'><strong>de</strong></span> <span class='ocrx_word' id='word_1_155' title='bbox 847 1535 899 1563; x_wconf 92' lang='lat' dir='ltr'><strong>eo</strong></span> <span class='ocrx_word' id='word_1_156' title='bbox 941 1522 1241 1563; x_wconf 85' lang='lat' dir='ltr'><strong>adnuntient:</strong></span> <span class='ocrx_word' id='word_1_157' title='bbox 1290 1521 1362 1562; x_wconf 91' lang='lat' dir='ltr'><strong>illi</strong></span> <span class='ocrx_word' id='word_1_158' title='bbox 1400 1521 1519 1563; x_wconf 87' lang='lat' dir='ltr'><strong>velle</strong></span> <span class='ocrx_word' id='word_1_159' title='bbox 1560 1535 1686 1562; x_wconf 89' lang='lat' dir='ltr'><strong>arma</strong></span> 
     </span>
    </p>

    <p class='ocr_par' dir='ltr' id='par_1_7' title="bbox 139 1579 1686 1868">
     <span class='ocr_line' id='line_1_21' title="bbox 139 1579 1686 1634; baseline 0.002 -16"><span class='ocrx_word' id='word_1_160' title='bbox 139 1594 175 1619; x_wconf 78' lang='lat'><strong>20</strong></span> <span class='ocrx_word' id='word_1_161' title='bbox 200 1580 439 1634; x_wconf 88' lang='lat' dir='ltr'><strong>deponere,</strong></span> <span class='ocrx_word' id='word_1_162' title='bbox 481 1579 552 1620; x_wconf 92' lang='lat' dir='ltr'><strong>illi</strong></span> <span class='ocrx_word' id='word_1_163' title='bbox 593 1583 782 1621; x_wconf 77' lang='lat' dir='ltr'><strong>manusq</strong></span> <span class='ocrx_word' id='word_1_164' title='bbox 824 1581 932 1622; x_wconf 87' lang='lat' dir='ltr'><strong>dare</strong></span> <span class='ocrx_word' id='word_1_165' title='bbox 944 1580 974 1620; x_wconf 79' lang='lat'><strong>4.</strong></span> <span class='ocrx_word' id='word_1_166' title='bbox 1046 1580 1169 1620; x_wconf 92' lang='lat' dir='ltr'><strong>Dum</strong></span> <span class='ocrx_word' id='word_1_167' title='bbox 1211 1581 1269 1621; x_wconf 91' lang='lat' dir='ltr'><strong>ad</strong></span> <span class='ocrx_word' id='word_1_168' title='bbox 1309 1580 1557 1621; x_wconf 76' lang='lat' dir='ltr'><strong>Misacam¹</strong></span> <span class='ocrx_word' id='word_1_169' title='bbox 1597 1580 1686 1634; x_wconf 88' lang='lat' dir='ltr'><strong>ipsi</strong></span> 
     </span>
     <span class='ocr_line' id='line_1_22' title="bbox 199 1638 1678 1692; baseline 0.001 -14"><span class='ocrx_word' id='word_1_170' title='bbox 199 1641 410 1692; x_wconf 84' lang='lat' dir='ltr'><strong>pergunt,</strong></span> <span class='ocrx_word' id='word_1_171' title='bbox 442 1638 609 1692; x_wconf 85' lang='lat' dir='ltr'><strong>vulgus</strong></span> <span class='ocrx_word' id='word_1_172' title='bbox 639 1638 975 1680; x_wconf 87' lang='lat' dir='ltr'><strong>innumerabile</strong></span> <span class='ocrx_word' id='word_1_173' title='bbox 1016 1652 1120 1680; x_wconf 92' lang='lat' dir='ltr'><strong>eum</strong></span> <span class='ocrx_word' id='word_1_174' title='bbox 1162 1639 1417 1679; x_wconf 86' lang='lat' dir='ltr'><strong>circumdat</strong></span> <span class='ocrx_word' id='word_1_175' title='bbox 1458 1641 1678 1692; x_wconf 78' lang='lat' dir='ltr'><strong>eumque⁵</strong></span> 
     </span>
     <span class='ocr_line' id='line_1_23' title="bbox 200 1695 1686 1751; baseline -0.001 -13"><span class='ocrx_word' id='word_1_176' title='bbox 200 1698 367 1738; x_wconf 85' lang='lat' dir='ltr'><strong>acriter</strong></span> <span class='ocrx_word' id='word_1_177' title='bbox 398 1695 673 1751; x_wconf 67' lang='lat' dir='ltr'><strong>inpugnat‘.</strong></span> <span class='ocrx_word' id='word_1_178' title='bbox 737 1697 842 1751; x_wconf 90' lang='lat' dir='ltr'><strong>Ipse</strong></span> <span class='ocrx_word' id='word_1_179' title='bbox 877 1699 1044 1746; x_wconf 88' lang='lat' dir='ltr'><strong>autem,</strong></span> <span class='ocrx_word' id='word_1_180' title='bbox 1087 1697 1292 1750; x_wconf 88' lang='lat' dir='ltr'><strong>quamvis</strong></span> <span class='ocrx_word' id='word_1_181' title='bbox 1324 1697 1483 1747; x_wconf 83' lang='lat' dir='ltr'><strong>fessus,</strong></span> <span class='ocrx_word' id='word_1_182' title='bbox 1526 1697 1686 1738; x_wconf 91' lang='lat' dir='ltr'><strong>multis</strong></span> 
     </span>
     <span class='ocr_line' id='line_1_24' title="bbox 200 1755 1685 1810; baseline 0 -14"><span class='ocrx_word' id='word_1_183' title='bbox 200 1769 254 1796; x_wconf 88' lang='lat' dir='ltr'><strong>ex</strong></span> <span class='ocrx_word' id='word_1_184' title='bbox 286 1756 350 1797; x_wconf 89' lang='lat' dir='ltr'><strong>eis</strong></span> <span class='ocrx_word' id='word_1_185' title='bbox 380 1756 510 1804; x_wconf 74' lang='lat' dir='ltr'><strong>fusis,</strong></span> <span class='ocrx_word' id='word_1_186' title='bbox 542 1757 730 1797; x_wconf 89' lang='lat' dir='ltr'><strong>tandem</strong></span> <span class='ocrx_word' id='word_1_187' title='bbox 762 1755 969 1810; x_wconf 87' lang='lat' dir='ltr'><strong>gladium</strong></span> <span class='ocrx_word' id='word_1_188' title='bbox 1006 1756 1147 1797; x_wconf 90' lang='lat' dir='ltr'><strong>sumit</strong></span> <span class='ocrx_word' id='word_1_189' title='bbox 1187 1757 1234 1797; x_wconf 91' lang='lat' dir='ltr'><strong>et</strong></span> <span class='ocrx_word' id='word_1_190' title='bbox 1274 1755 1443 1809; x_wconf 89' lang='lat' dir='ltr'><strong>potiori</strong></span> <span class='ocrx_word' id='word_1_191' title='bbox 1483 1756 1685 1797; x_wconf 88' lang='lat' dir='ltr'><strong>hostium</strong></span> 
     </span>
     <span class='ocr_line' id='line_1_25' title="bbox 199 1814 1683 1868; baseline 0 -13"><span class='ocrx_word' id='word_1_192' title='bbox 199 1828 302 1855; x_wconf 90' lang='lat' dir='ltr'><strong>cum</strong></span> <span class='ocrx_word' id='word_1_193' title='bbox 335 1814 406 1855; x_wconf 86' lang='lat' dir='ltr'><strong>his</strong></span> <span class='ocrx_word' id='word_1_194' title='bbox 428 1814 606 1856; x_wconf 77' lang='lat' dir='ltr'><strong>verbis¹¹</strong></span> <span class='ocrx_word' id='word_1_195' title='bbox 630 1815 846 1856; x_wconf 87' lang='lat' dir='ltr'><strong>tradidit:</strong></span> <span class='ocrx_word' id='word_1_196' title='bbox 879 1814 1090 1868; x_wconf 85' lang='lat' dir='ltr'><strong>‘Accipe’‚</strong></span> <span class='ocrx_word' id='word_1_197' title='bbox 1123 1814 1286 1868; x_wconf 90' lang='lat' dir='ltr'><strong>inquit,</strong></span> <span class='ocrx_word' id='word_1_198' title='bbox 1322 1814 1458 1855; x_wconf 86' lang='lat' dir='ltr'><strong>‘hunc</strong></span> <span class='ocrx_word' id='word_1_199' title='bbox 1479 1814 1683 1868; x_wconf 86' lang='lat' dir='ltr'><strong>gladium</strong></span> 
     </span>
    </p>

    <p class='ocr_par' dir='ltr' id='par_1_8' title="bbox 139 1873 1686 2161">
     <span class='ocr_line' id='line_1_26' title="bbox 139 1873 1685 1927; baseline 0 -14"><span class='ocrx_word' id='word_1_200' title='bbox 139 1886 173 1912; x_wconf 78' lang='lat'><strong>25</strong></span> <span class='ocrx_word' id='word_1_201' title='bbox 199 1874 246 1914; x_wconf 91' lang='lat' dir='ltr'><strong>et</strong></span> <span class='ocrx_word' id='word_1_202' title='bbox 292 1873 422 1914; x_wconf 84' lang='lat' dir='ltr'><strong>defer</strong></span> <span class='ocrx_word' id='word_1_203' title='bbox 468 1873 652 1914; x_wconf 88' lang='lat' dir='ltr'><strong>domino</strong></span> <span class='ocrx_word' id='word_1_204' title='bbox 691 1875 821 1923; x_wconf 61' lang='lat' dir='ltr'><strong>tuov,</strong></span> <span class='ocrx_word' id='word_1_205' title='bbox 869 1887 959 1927; x_wconf 92' lang='lat' dir='ltr'><strong>quo</strong></span> <span class='ocrx_word' id='word_1_206' title='bbox 999 1887 1081 1927; x_wconf 92' lang='lat' dir='ltr'><strong>pro</strong></span> <span class='ocrx_word' id='word_1_207' title='bbox 1122 1873 1253 1927; x_wconf 92' lang='lat' dir='ltr'><strong>signo</strong></span> <span class='ocrx_word' id='word_1_208' title='bbox 1295 1873 1512 1914; x_wconf 87' lang='lat' dir='ltr'><strong>victoriae</strong></span> <span class='ocrx_word' id='word_1_209' title='bbox 1551 1873 1685 1913; x_wconf 91' lang='lat' dir='ltr'><strong>illum</strong></span> 
     </span>
     <span class='ocr_line' id='line_1_27' title="bbox 197 1932 1686 1986; baseline 0 -14"><span class='ocrx_word' id='word_1_210' title='bbox 197 1933 358 1973; x_wconf 87' lang='lat' dir='ltr'><strong>teneat</strong></span> <span class='ocrx_word' id='word_1_211' title='bbox 387 1932 743 1986; x_wconf 88' lang='lat' dir='ltr'><strong>imperatorique</strong></span> <span class='ocrx_word' id='word_1_212' title='bbox 775 1932 922 1973; x_wconf 86' lang='lat' dir='ltr'><strong>amieo</strong></span> <span class='ocrx_word' id='word_1_213' title='bbox 952 1932 1287 1979; x_wconf 68' lang='lat' dir='ltr'><strong>transmittatw‚</strong></span> <span class='ocrx_word' id='word_1_214' title='bbox 1330 1945 1420 1985; x_wconf 90' lang='lat' dir='ltr'><strong>quo</strong></span> <span class='ocrx_word' id='word_1_215' title='bbox 1452 1932 1568 1973; x_wconf 89' lang='lat' dir='ltr'><strong>sciat</strong></span> <span class='ocrx_word' id='word_1_216' title='bbox 1605 1935 1686 1972; x_wconf 89' lang='lat' dir='ltr'><strong>aut</strong></span> 
     </span>
     <span class='ocr_line' id='line_1_28' title="bbox 199 1989 1683 2045; baseline -0.001 -15"><span class='ocrx_word' id='word_1_217' title='bbox 199 1990 378 2032; x_wconf 88' lang='lat' dir='ltr'><strong>hostem</strong></span> <span class='ocrx_word' id='word_1_218' title='bbox 409 1990 607 2032; x_wconf 88' lang='lat' dir='ltr'><strong>occisum</strong></span> <span class='ocrx_word' id='word_1_219' title='bbox 639 1991 829 2032; x_wconf 88' lang='lat' dir='ltr'><strong>irridere</strong></span> <span class='ocrx_word' id='word_1_220' title='bbox 860 1990 934 2032; x_wconf 86' lang='lat' dir='ltr'><strong>vel</strong></span> <span class='ocrx_word' id='word_1_221' title='bbox 967 1993 1089 2032; x_wconf 88' lang='lat' dir='ltr'><strong>certe</strong></span> <span class='ocrx_word' id='word_1_222' title='bbox 1121 1989 1458 2045; x_wconf 85' lang='lat' dir='ltr'><strong>propinquum5</strong></span> <span class='ocrx_word' id='word_1_223' title='bbox 1489 1990 1683 2032; x_wconf 86' lang='lat' dir='ltr'><strong>deflere&#39;.</strong></span> 
     </span>
     <span class='ocr_line' id='line_1_29' title="bbox 199 2048 1681 2103; baseline 0.001 -15"><span class='ocrx_word' id='word_1_224' title='bbox 199 2048 260 2088; x_wconf 78' lang='lat' dir='ltr'><strong>Et</strong></span> <span class='ocrx_word' id='word_1_225' title='bbox 292 2049 363 2089; x_wconf 89' lang='lat' dir='ltr'><strong>his</strong></span> <span class='ocrx_word' id='word_1_226' title='bbox 396 2049 531 2090; x_wconf 87' lang='lat' dir='ltr'><strong>dictis</strong></span> <span class='ocrx_word' id='word_1_227' title='bbox 563 2063 806 2091; x_wconf 84' lang='lat' dir='ltr'><strong>conversus</strong></span> <span class='ocrx_word' id='word_1_228' title='bbox 838 2050 897 2090; x_wconf 88' lang='lat' dir='ltr'><strong>ad</strong></span> <span class='ocrx_word' id='word_1_229' title='bbox 929 2049 1170 2098; x_wconf 84' lang='lat' dir='ltr'><strong>orientem,</strong></span> <span class='ocrx_word' id='word_1_230' title='bbox 1204 2051 1258 2089; x_wconf 90' lang='lat' dir='ltr'><strong>ut</strong></span> <span class='ocrx_word' id='word_1_231' title='bbox 1289 2049 1461 2102; x_wconf 87' lang='lat' dir='ltr'><strong>potuit,</strong></span> <span class='ocrx_word' id='word_1_232' title='bbox 1504 2050 1681 2103; x_wconf 78' lang='lat' dir='ltr'><strong>patriax</strong></span> 
     </span>
     <span class='ocr_line' id='line_1_30' title="bbox 199 2107 1686 2161; baseline 0 -13"><span class='ocrx_word' id='word_1_233' title='bbox 199 2119 307 2148; x_wconf 83' lang='lat' dir='ltr'><strong>voce</strong></span> <span class='ocrx_word' id='word_1_234' title='bbox 339 2107 618 2148; x_wconf 78' lang='lat' dir='ltr'><strong>Dominumy</strong></span> <span class='ocrx_word' id='word_1_235' title='bbox 654 2108 858 2149; x_wconf 84' lang='lat' dir='ltr'><strong>exoravit</strong></span> <span class='ocrx_word' id='word_1_236' title='bbox 898 2108 1188 2161; x_wconf 88' lang='lat' dir='ltr'><strong>animamque</strong></span> <span class='ocrx_word' id='word_1_237' title='bbox 1224 2107 1382 2147; x_wconf 90' lang='lat' dir='ltr'><strong>multis</strong></span> <span class='ocrx_word' id='word_1_238' title='bbox 1415 2107 1607 2148; x_wconf 86' lang='lat' dir='ltr'><strong>miseriis</strong></span> <span class='ocrx_word' id='word_1_239' title='bbox 1639 2110 1686 2148; x_wconf 89' lang='lat' dir='ltr'><strong>et</strong></span> 
     </span>
    </p>

    <p class='ocr_par' dir='ltr' id='par_1_9' title="bbox 139 2165 1684 2220">
     <span class='ocr_line' id='line_1_31' title="bbox 139 2165 1684 2220; baseline 0.001 -16"><span class='ocrx_word' id='word_1_240' title='bbox 139 2179 175 2204; x_wconf 75' lang='lat'><strong>³0</strong></span> <span class='ocrx_word' id='word_1_241' title='bbox 198 2165 497 2207; x_wconf 89' lang='lat' dir='ltr'><strong>incommodis</strong></span> <span class='ocrx_word' id='word_1_242' title='bbox 527 2166 751 2220; x_wconf 86' lang='lat' dir='ltr'><strong>repletam</strong></span> <span class='ocrx_word' id='word_1_243' title='bbox 783 2166 948 2220; x_wconf 90' lang='lat' dir='ltr'><strong>pietati</strong></span> <span class='ocrx_word' id='word_1_244' title='bbox 985 2166 1203 2208; x_wconf 90' lang='lat' dir='ltr'><strong>creatoris</strong></span> <span class='ocrx_word' id='word_1_245' title='bbox 1241 2166 1445 2206; x_wconf 89' lang='lat' dir='ltr'><strong>omnium</strong></span> <span class='ocrx_word' id='word_1_246' title='bbox 1476 2166 1643 2207; x_wconf 87' lang='lat' dir='ltr'><strong>effudit</strong></span> <span class='ocrx_word' id='word_1_247' title='bbox 1656 2165 1684 2205; x_wconf 76' lang='lat'><strong>⁶.</strong></span> 
     </span>
    </p>
   </div>
   <div class='ocr_carea' id='block_1_3' title="bbox 140 2302 1688 2618">
    <p class='ocr_par' dir='ltr' id='par_1_10' title="bbox 140 2302 1688 2618">
     <span class='ocr_line' id='line_1_32' title="bbox 197 2302 1687 2336; baseline 0.001 -9"><span class='ocrx_word' id='word_1_248' title='bbox 197 2303 228 2334; x_wconf 80' lang='lat' dir='ltr'><strong>a)</strong></span> <span class='ocrx_word' id='word_1_249' title='bbox 247 2303 284 2328; x_wconf 71' lang='lat' dir='ltr'><strong>ad</strong></span> <span class='ocrx_word' id='word_1_250' title='bbox 298 2305 368 2334; x_wconf 73' lang='lat' dir='ltr'><strong>poet</strong></span> <span class='ocrx_word' id='word_1_251' title='bbox 385 2310 526 2335; x_wconf 66' lang='lat' dir='ltr'><strong>super-scr.</strong></span> <span class='ocrx_word' id='word_1_252' title='bbox 545 2303 611 2336; x_wconf 79' lang='lat'><strong>1313</strong></span> <span class='ocrx_word' id='word_1_253' title='bbox 632 2310 687 2331; x_wconf 87' lang='lat' dir='ltr'><strong>om.</strong></span> <span class='ocrx_word' id='word_1_254' title='bbox 698 2303 799 2330; x_wconf 80' lang='lat' dir='ltr'><strong>F.alke</strong></span> <span class='ocrx_word' id='word_1_255' title='bbox 853 2302 885 2335; x_wconf 89' lang='lat' dir='ltr'><strong>b)</strong></span> <span class='ocrx_word' id='word_1_256' title='bbox 902 2306 1005 2328; x_wconf 88' lang='lat' dir='ltr'><strong>mouet</strong></span> <span class='ocrx_word' id='word_1_257' title='bbox 1018 2303 1080 2328; x_wconf 88' lang='grc' dir='ltr'><strong>Β2.</strong></span> <span class='ocrx_word' id='word_1_258' title='bbox 1136 2304 1163 2334; x_wconf 89' lang='lat' dir='ltr'><strong>c)</strong></span> <span class='ocrx_word' id='word_1_259' title='bbox 1182 2306 1332 2335; x_wconf 85' lang='lat' dir='ltr'><strong>premeret</strong></span> <span class='ocrx_word' id='word_1_260' title='bbox 1343 2303 1411 2335; x_wconf 71' lang='lat'><strong>313</strong></span> <span class='ocrx_word' id='word_1_261' title='bbox 1431 2305 1639 2334; x_wconf 76' lang='lat' dir='ltr'><strong>premerentur</strong></span> <span class='ocrx_word' id='word_1_262' title='bbox 1651 2303 1687 2329; x_wconf 92' lang='lat' dir='ltr'><strong>A.</strong></span> 
     </span>
     <span class='ocr_line' id='line_1_33' title="bbox 197 2336 1687 2370; baseline 0 -7"><span class='ocrx_word' id='word_1_263' title='bbox 197 2351 233 2356; x_wconf 92' lang='lat'><strong>—</strong></span> <span class='ocrx_word' id='word_1_264' title='bbox 251 2338 435 2369; x_wconf 76' lang='lat' dir='ltr'><strong>wigmannus</strong></span> <span class='ocrx_word' id='word_1_265' title='bbox 454 2339 487 2365; x_wconf 91' lang='lat' dir='ltr'><strong>A.</strong></span> <span class='ocrx_word' id='word_1_266' title='bbox 506 2339 568 2365; x_wconf 87' lang='lat' dir='ltr'><strong>Bl.</strong></span> <span class='ocrx_word' id='word_1_267' title='bbox 586 2339 611 2365; x_wconf 88' lang='grc'><strong>2.</strong></span> <span class='ocrx_word' id='word_1_268' title='bbox 630 2339 721 2365; x_wconf 72' lang='lat' dir='ltr'><strong>Saxo.</strong></span> <span class='ocrx_word' id='word_1_269' title='bbox 795 2336 826 2369; x_wconf 91' lang='lat' dir='ltr'><strong>d)</strong></span> <span class='ocrx_word' id='word_1_270' title='bbox 844 2337 883 2363; x_wconf 75' lang='lat' dir='ltr'><strong>ad</strong></span> <span class='ocrx_word' id='word_1_271' title='bbox 902 2345 994 2370; x_wconf 84' lang='lat' dir='ltr'><strong>pugn.</strong></span> <span class='ocrx_word' id='word_1_272' title='bbox 1013 2345 1063 2363; x_wconf 86' lang='lat' dir='ltr'><strong>eos</strong></span> <span class='ocrx_word' id='word_1_273' title='bbox 1081 2338 1182 2364; x_wconf 73' lang='lat' dir='ltr'><strong>Falke.</strong></span> <span class='ocrx_word' id='word_1_274' title='bbox 1254 2339 1282 2370; x_wconf 85' lang='lat' dir='ltr'><strong>e)</strong></span> <span class='ocrx_word' id='word_1_275' title='bbox 1300 2337 1441 2370; x_wconf 76' lang='lat' dir='ltr'><strong>pedestre</strong></span> <span class='ocrx_word' id='word_1_276' title='bbox 1452 2338 1514 2366; x_wconf 87' lang='lat' dir='ltr'><strong>Bl.</strong></span> <span class='ocrx_word' id='word_1_277' title='bbox 1586 2339 1610 2369; x_wconf 78' lang='lat' dir='ltr'><strong>f)</strong></span> <span class='ocrx_word' id='word_1_278' title='bbox 1627 2338 1687 2370; x_wconf 67' lang='lat' dir='ltr'><strong>qui</strong></span> 
     </span>
     <span class='ocr_line' id='line_1_34' title="bbox 197 2373 1686 2406; baseline 0 -8"><span class='ocrx_word' id='word_1_279' title='bbox 197 2373 310 2405; x_wconf 71' lang='lat' dir='ltr'><strong>(quam)</strong></span> <span class='ocrx_word' id='word_1_280' title='bbox 329 2374 373 2404; x_wconf 83' lang='lat' dir='ltr'><em>A,·</em></span> <span class='ocrx_word' id='word_1_281' title='bbox 391 2381 446 2399; x_wconf 87' lang='lat' dir='ltr'><strong>om.</strong></span> <span class='ocrx_word' id='word_1_282' title='bbox 467 2374 498 2400; x_wconf 87' lang='lat' dir='ltr'><strong>C.</strong></span> <span class='ocrx_word' id='word_1_283' title='bbox 571 2375 600 2405; x_wconf 80' lang='lat' dir='ltr'><strong>g)</strong></span> <span class='ocrx_word' id='word_1_284' title='bbox 625 2374 684 2398; x_wconf 72' lang='lat' dir='ltr'><strong>iam</strong></span> <span class='ocrx_word' id='word_1_285' title='bbox 705 2381 758 2400; x_wconf 80' lang='lat' dir='ltr'><strong>om.</strong></span> <span class='ocrx_word' id='word_1_286' title='bbox 779 2374 840 2401; x_wconf 75' lang='lat'><strong>32.</strong></span> <span class='ocrx_word' id='word_1_287' title='bbox 914 2374 945 2405; x_wconf 86' lang='lat' dir='ltr'><strong>h)</strong></span> <span class='ocrx_word' id='word_1_288' title='bbox 969 2377 1068 2398; x_wconf 78' lang='lat' dir='ltr'><strong>autem</strong></span> <span class='ocrx_word' id='word_1_289' title='bbox 1091 2381 1146 2400; x_wconf 86' lang='lat' dir='ltr'><strong>om.</strong></span> <span class='ocrx_word' id='word_1_290' title='bbox 1166 2373 1198 2399; x_wconf 82' lang='lat' dir='ltr'><strong>G.</strong></span> <span class='ocrx_word' id='word_1_291' title='bbox 1270 2374 1291 2404; x_wconf 87' lang='lat' dir='ltr'><strong>i)</strong></span> <span class='ocrx_word' id='word_1_292' title='bbox 1316 2377 1500 2406; x_wconf 81' lang='lat' dir='ltr'><strong>cognoscunt</strong></span> <span class='ocrx_word' id='word_1_293' title='bbox 1517 2374 1578 2400; x_wconf 89' lang='lat' dir='ltr'><strong>Bl.</strong></span> <span class='ocrx_word' id='word_1_294' title='bbox 1596 2374 1686 2401; x_wconf 77' lang='lat' dir='ltr'><strong>Saxo.</strong></span> 
     </span>
     <span class='ocr_line' id='line_1_35' title="bbox 198 2408 1687 2441; baseline 0.001 -9"><span class='ocrx_word' id='word_1_295' title='bbox 198 2408 230 2439; x_wconf 82' lang='lat' dir='ltr'><strong>k)</strong></span> <span class='ocrx_word' id='word_1_296' title='bbox 254 2409 519 2440; x_wconf 71' lang='lat' dir='ltr'><strong>luten-rogatusque</strong></span> <span class='ocrx_word' id='word_1_297' title='bbox 538 2422 572 2427; x_wconf 95' lang='lat'><strong>—</strong></span> <span class='ocrx_word' id='word_1_298' title='bbox 591 2410 725 2441; x_wconf 72' lang='lat' dir='ltr'><strong>quisnam</strong></span> <span class='ocrx_word' id='word_1_299' title='bbox 751 2413 829 2434; x_wconf 84' lang='lat' dir='ltr'><strong>esset</strong></span> <span class='ocrx_word' id='word_1_300' title='bbox 853 2416 907 2436; x_wconf 84' lang='lat' dir='ltr'><strong>om.</strong></span> <span class='ocrx_word' id='word_1_301' title='bbox 930 2409 974 2440; x_wconf 80' lang='lat' dir='ltr'><em>A,·</em></span> <span class='ocrx_word' id='word_1_302' title='bbox 998 2409 1036 2434; x_wconf 84' lang='lat' dir='ltr'><strong>ab</strong></span> <span class='ocrx_word' id='word_1_303' title='bbox 1062 2409 1103 2434; x_wconf 84' lang='lat' dir='ltr'><strong>eis</strong></span> <span class='ocrx_word' id='word_1_304' title='bbox 1130 2416 1184 2436; x_wconf 89' lang='lat' dir='ltr'><strong>om.</strong></span> <span class='ocrx_word' id='word_1_305' title='bbox 1207 2409 1234 2433; x_wconf 86' lang='lat' dir='ltr'><strong><em>B</em></strong></span> <span class='ocrx_word' id='word_1_306' title='bbox 1250 2409 1275 2436; x_wconf 87' lang='lat'><strong>1.</strong></span> <span class='ocrx_word' id='word_1_307' title='bbox 1381 2409 1403 2440; x_wconf 94' lang='lat' dir='ltr'><strong>l)</strong></span> <span class='ocrx_word' id='word_1_308' title='bbox 1428 2410 1627 2440; x_wconf 79' lang='lat' dir='ltr'><strong>wigmannum</strong></span> <span class='ocrx_word' id='word_1_309' title='bbox 1651 2410 1687 2436; x_wconf 91' lang='lat' dir='ltr'><strong>A.</strong></span> 
     </span>
     <span class='ocr_line' id='line_1_36' title="bbox 140 2442 1687 2476; baseline 0.001 -8"><span class='ocrx_word' id='word_1_310' title='bbox 140 2442 174 2468; x_wconf 78' lang='lat'><strong>³5</strong></span> <span class='ocrx_word' id='word_1_311' title='bbox 198 2443 260 2470; x_wconf 89' lang='lat' dir='ltr'><strong>Bl.</strong></span> <span class='ocrx_word' id='word_1_312' title='bbox 278 2444 304 2470; x_wconf 85' lang='grc'><strong>2.</strong></span> <span class='ocrx_word' id='word_1_313' title='bbox 325 2444 412 2471; x_wconf 72' lang='lat' dir='ltr'><strong>Saxo.</strong></span> <span class='ocrx_word' id='word_1_314' title='bbox 484 2445 524 2474; x_wconf 88' lang='lat' dir='ltr'><strong>m)</strong></span> <span class='ocrx_word' id='word_1_315' title='bbox 547 2444 588 2468; x_wconf 71' lang='lat' dir='ltr'><strong>sic</strong></span> <span class='ocrx_word' id='word_1_316' title='bbox 606 2445 640 2471; x_wconf 86' lang='lat' dir='ltr'><strong>A.</strong></span> <span class='ocrx_word' id='word_1_317' title='bbox 659 2444 720 2471; x_wconf 85' lang='lat' dir='ltr'><strong>Bl.</strong></span> <span class='ocrx_word' id='word_1_318' title='bbox 740 2444 778 2475; x_wconf 85' lang='lat' dir='ltr'><strong>C&#39;;</strong></span> <span class='ocrx_word' id='word_1_319' title='bbox 797 2451 860 2469; x_wconf 83' lang='lat' dir='ltr'><strong>esse</strong></span> <span class='ocrx_word' id='word_1_320' title='bbox 879 2444 940 2471; x_wconf 83' lang='grc' dir='ltr'><strong>Β2,</strong></span> <span class='ocrx_word' id='word_1_321' title='bbox 959 2444 1048 2471; x_wconf 69' lang='lat' dir='ltr'><strong>Saxo.</strong></span> <span class='ocrx_word' id='word_1_322' title='bbox 1066 2444 1168 2469; x_wconf 71' lang='lat' dir='ltr'><strong>Fame.</strong></span> <span class='ocrx_word' id='word_1_323' title='bbox 1242 2446 1272 2475; x_wconf 91' lang='grc'><strong>11)</strong></span> <span class='ocrx_word' id='word_1_324' title='bbox 1291 2444 1423 2469; x_wconf 74' lang='lat' dir='ltr'><strong>restituit</strong></span> <span class='ocrx_word' id='word_1_325' title='bbox 1441 2444 1503 2471; x_wconf 87' lang='lat' dir='ltr'><strong>Bl.</strong></span> <span class='ocrx_word' id='word_1_326' title='bbox 1578 2443 1607 2476; x_wconf 93' lang='lat' dir='ltr'><strong>o)</strong></span> <span class='ocrx_word' id='word_1_327' title='bbox 1627 2451 1687 2469; x_wconf 90' lang='lat' dir='ltr'><strong>non</strong></span> 
     </span>
     <span class='ocr_line' id='line_1_37' title="bbox 199 2478 1687 2512; baseline 0 -9"><span class='ocrx_word' id='word_1_328' title='bbox 199 2479 343 2503; x_wconf 86' lang='lat' dir='ltr'><strong>inmemor</strong></span> <span class='ocrx_word' id='word_1_329' title='bbox 365 2492 401 2497; x_wconf 89' lang='lat'>—</span> <span class='ocrx_word' id='word_1_330' title='bbox 426 2478 546 2504; x_wconf 81' lang='lat' dir='ltr'><strong>virtutis</strong></span> <span class='ocrx_word' id='word_1_331' title='bbox 569 2487 625 2506; x_wconf 81' lang='lat' dir='ltr'><strong>om.</strong></span> <span class='ocrx_word' id='word_1_332' title='bbox 652 2479 682 2506; x_wconf 88' lang='lat' dir='ltr'><strong>C.</strong></span> <span class='ocrx_word' id='word_1_333' title='bbox 771 2479 802 2510; x_wconf 87' lang='lat' dir='ltr'><strong>p)</strong></span> <span class='ocrx_word' id='word_1_334' title='bbox 827 2480 868 2504; x_wconf 69' lang='lat' dir='ltr'><strong>eie</strong></span> <span class='ocrx_word' id='word_1_335' title='bbox 885 2480 921 2506; x_wconf 91' lang='lat' dir='ltr'><strong>A.</strong></span> <span class='ocrx_word' id='word_1_336' title='bbox 939 2480 1000 2507; x_wconf 82' lang='lat' dir='ltr'><strong>Bl.</strong></span> <span class='ocrx_word' id='word_1_337' title='bbox 1021 2479 1119 2510; x_wconf 65' lang='grc' dir='ltr'><strong><em>θαι-ο,-</em></strong></span> <span class='ocrx_word' id='word_1_338' title='bbox 1138 2480 1267 2504; x_wconf 80' lang='lat' dir='ltr'><strong>Misacae</strong></span> <span class='ocrx_word' id='word_1_339' title='bbox 1286 2479 1354 2512; x_wconf 78' lang='lat'><strong>1323</strong></span> <span class='ocrx_word' id='word_1_340' title='bbox 1375 2480 1486 2504; x_wconf 82' lang='lat' dir='ltr'><strong>misaco</strong></span> <span class='ocrx_word' id='word_1_341' title='bbox 1511 2479 1574 2503; x_wconf 78' lang='lat' dir='ltr'><strong>alia</strong></span> <span class='ocrx_word' id='word_1_342' title='bbox 1598 2487 1687 2503; x_wconf 81' lang='lat' dir='ltr'><strong>manu</strong></span> 
     </span>
     <span class='ocr_line' id='line_1_38' title="bbox 199 2513 1687 2546; baseline 0.001 -8"><span class='ocrx_word' id='word_1_343' title='bbox 199 2520 274 2540; x_wconf 83' lang='lat' dir='ltr'><strong>corr.</strong></span> <span class='ocrx_word' id='word_1_344' title='bbox 292 2513 425 2538; x_wconf 80' lang='lat' dir='ltr'><strong>misicoui</strong></span> <span class='ocrx_word' id='word_1_345' title='bbox 444 2514 474 2540; x_wconf 81' lang='lat' dir='ltr'><strong>C.</strong></span> <span class='ocrx_word' id='word_1_346' title='bbox 546 2515 577 2545; x_wconf 83' lang='lat' dir='ltr'><strong>q)</strong></span> <span class='ocrx_word' id='word_1_347' title='bbox 595 2521 713 2539; x_wconf 78' lang='lat' dir='ltr'><strong>manum</strong></span> <span class='ocrx_word' id='word_1_348' title='bbox 728 2514 828 2541; x_wconf 73' lang='lat' dir='ltr'><strong>Fazke.</strong></span> <span class='ocrx_word' id='word_1_349' title='bbox 900 2516 926 2545; x_wconf 90' lang='lat' dir='ltr'><strong>r)</strong></span> <span class='ocrx_word' id='word_1_350' title='bbox 944 2515 985 2539; x_wconf 70' lang='lat' dir='ltr'><strong>eie</strong></span> <span class='ocrx_word' id='word_1_351' title='bbox 1003 2515 1031 2542; x_wconf 80' lang='lat' dir='ltr'><strong>h.</strong></span> <span class='ocrx_word' id='word_1_352' title='bbox 1049 2515 1069 2541; x_wconf 82' lang='lat' dir='ltr'><strong>l.</strong></span> <span class='ocrx_word' id='word_1_353' title='bbox 1087 2516 1124 2540; x_wconf 90' lang='lat' dir='ltr'><strong>A.</strong></span> <span class='ocrx_word' id='word_1_354' title='bbox 1145 2514 1171 2539; x_wconf 91' lang='lat' dir='ltr'><em>B</em></span> <span class='ocrx_word' id='word_1_355' title='bbox 1182 2516 1207 2539; x_wconf 88' lang='lat'><strong>1.</strong></span> <span class='ocrx_word' id='word_1_356' title='bbox 1227 2514 1255 2539; x_wconf 84' lang='lat'><strong>2.</strong></span> <span class='ocrx_word' id='word_1_357' title='bbox 1275 2514 1306 2540; x_wconf 81' lang='lat' dir='ltr'><strong>C.</strong></span> <span class='ocrx_word' id='word_1_358' title='bbox 1378 2514 1404 2544; x_wconf 88' lang='grc'><strong>8)</strong></span> <span class='ocrx_word' id='word_1_359' title='bbox 1423 2521 1489 2539; x_wconf 87' lang='lat' dir='ltr'><strong>eum</strong></span> <span class='ocrx_word' id='word_1_360' title='bbox 1508 2514 1576 2546; x_wconf 85' lang='lat' dir='ltr'><strong>B2;</strong></span> <span class='ocrx_word' id='word_1_361' title='bbox 1596 2518 1687 2546; x_wconf 77' lang='lat' dir='ltr'><strong>atque</strong></span> 
     </span>
     <span class='ocr_line' id='line_1_39' title="bbox 199 2548 1688 2581; baseline 0.001 -8"><span class='ocrx_word' id='word_1_362' title='bbox 199 2548 288 2575; x_wconf 71' lang='lat' dir='ltr'><strong>Saxo.</strong></span> <span class='ocrx_word' id='word_1_363' title='bbox 359 2548 383 2580; x_wconf 85' lang='lat' dir='ltr'><strong>t)</strong></span> <span class='ocrx_word' id='word_1_364' title='bbox 401 2549 579 2580; x_wconf 74' lang='lat' dir='ltr'><strong>impugnant</strong></span> <span class='ocrx_word' id='word_1_365' title='bbox 596 2549 658 2575; x_wconf 73' lang='grc' dir='ltr'><strong>ΒΞ.</strong></span> <span class='ocrx_word' id='word_1_366' title='bbox 730 2550 761 2580; x_wconf 82' lang='grc'><strong>11)</strong></span> <span class='ocrx_word' id='word_1_367' title='bbox 780 2549 879 2575; x_wconf 81' lang='lat' dir='ltr'><strong>verbis</strong></span> <span class='ocrx_word' id='word_1_368' title='bbox 898 2557 954 2576; x_wconf 87' lang='lat' dir='ltr'><strong>om.</strong></span> <span class='ocrx_word' id='word_1_369' title='bbox 973 2550 1000 2574; x_wconf 89' lang='lat' dir='ltr'><em>B</em></span> <span class='ocrx_word' id='word_1_370' title='bbox 1011 2551 1035 2576; x_wconf 89' lang='lat'><strong>1.</strong></span> <span class='ocrx_word' id='word_1_371' title='bbox 1107 2550 1139 2580; x_wconf 86' lang='lat' dir='ltr'><strong>v)</strong></span> <span class='ocrx_word' id='word_1_372' title='bbox 1156 2557 1209 2574; x_wconf 85' lang='lat' dir='ltr'><strong>suo</strong></span> <span class='ocrx_word' id='word_1_373' title='bbox 1228 2549 1289 2577; x_wconf 68' lang='grc' dir='ltr'><strong>ΒΞ,</strong></span> <span class='ocrx_word' id='word_1_374' title='bbox 1361 2549 1401 2581; x_wconf 88' lang='lat' dir='ltr'><strong>w)</strong></span> <span class='ocrx_word' id='word_1_375' title='bbox 1420 2550 1502 2574; x_wconf 88' lang='lat' dir='ltr'><strong>illum</strong></span> <span class='ocrx_word' id='word_1_376' title='bbox 1523 2550 1622 2575; x_wconf 77' lang='lat' dir='ltr'><strong>tradat</strong></span> <span class='ocrx_word' id='word_1_377' title='bbox 1638 2550 1688 2575; x_wconf 84' lang='lat' dir='ltr'><strong>uel</strong></span> 
     </span>
     <span class='ocr_line' id='line_1_40' title="bbox 199 2583 1684 2618; baseline 0.001 -10"><span class='ocrx_word' id='word_1_378' title='bbox 199 2583 382 2609; x_wconf 65' lang='lat' dir='ltr'><strong>transmittas</strong></span> <span class='ocrx_word' id='word_1_379' title='bbox 393 2583 420 2608; x_wconf 89' lang='lat' dir='ltr'><em>B</em></span> <span class='ocrx_word' id='word_1_380' title='bbox 430 2584 460 2615; x_wconf 88' lang='lat'><strong>1;</strong></span> <span class='ocrx_word' id='word_1_381' title='bbox 471 2583 555 2608; x_wconf 84' lang='lat' dir='ltr'><strong>illum</strong></span> <span class='ocrx_word' id='word_1_382' title='bbox 568 2583 750 2609; x_wconf 73' lang='lat' dir='ltr'><strong>transmittat</strong></span> <span class='ocrx_word' id='word_1_383' title='bbox 762 2584 851 2611; x_wconf 74' lang='lat' dir='ltr'><strong>Saxo.</strong></span> <span class='ocrx_word' id='word_1_384' title='bbox 916 2586 948 2616; x_wconf 86' lang='lat' dir='ltr'><strong>x)</strong></span> <span class='ocrx_word' id='word_1_385' title='bbox 959 2585 1063 2616; x_wconf 77' lang='lat' dir='ltr'><strong>patula</strong></span> <span class='ocrx_word' id='word_1_386' title='bbox 1075 2585 1163 2612; x_wconf 75' lang='lat' dir='ltr'><strong>Saxo.</strong></span> <span class='ocrx_word' id='word_1_387' title='bbox 1228 2585 1261 2618; x_wconf 85' lang='lat' dir='ltr'><strong>y)</strong></span> <span class='ocrx_word' id='word_1_388' title='bbox 1274 2583 1362 2610; x_wconf 83' lang='lat' dir='ltr'><strong>deum</strong></span> <span class='ocrx_word' id='word_1_389' title='bbox 1376 2586 1402 2610; x_wconf 92' lang='lat' dir='ltr'><strong>A</strong></span> <span class='ocrx_word' id='word_1_390' title='bbox 1407 2593 1419 2615; x_wconf 89' lang='lat'><strong>,·</strong></span> <span class='ocrx_word' id='word_1_391' title='bbox 1432 2583 1572 2610; x_wconf 86' lang='lat' dir='ltr'><strong>domnum</strong></span> <span class='ocrx_word' id='word_1_392' title='bbox 1584 2585 1684 2610; x_wconf 78' lang='lat' dir='ltr'><strong>Falke.</strong></span> 
     </span>
    </p>
   </div>
   <div class='ocr_carea' id='block_1_4' title="bbox 139 2687 1688 3013">
    <p class='ocr_par' dir='ltr' id='par_1_11' title="bbox 139 2687 1688 2872">
     <span class='ocr_line' id='line_1_41' title="bbox 139 2687 1686 2733; baseline 0.001 -12"><span class='ocrx_word' id='word_1_393' title='bbox 139 2696 176 2721; x_wconf 78' lang='lat'><strong>40</strong></span> <span class='ocrx_word' id='word_1_394' title='bbox 201 2689 236 2731; x_wconf 91' lang='lat'><strong>1)</strong></span> <span class='ocrx_word' id='word_1_395' title='bbox 259 2689 314 2731; x_wconf 78' lang='lat' dir='ltr'><strong>Cf.</strong></span> <span class='ocrx_word' id='word_1_396' title='bbox 338 2689 467 2733; x_wconf 71' lang='lat' dir='ltr'><strong>Kb&#39;pke</strong></span> <span class='ocrx_word' id='word_1_397' title='bbox 490 2699 529 2732; x_wconf 81' lang='lat' dir='ltr'><strong>p.</strong></span> <span class='ocrx_word' id='word_1_398' title='bbox 556 2690 635 2724; x_wconf 90' lang='lat'><strong>100.</strong></span> <span class='ocrx_word' id='word_1_399' title='bbox 731 2687 769 2732; x_wconf 87' lang='lat'><strong>2)</strong></span> <span class='ocrx_word' id='word_1_400' title='bbox 795 2688 926 2731; x_wconf 73' lang='lat' dir='ltr'><strong>Veryil.</strong></span> <span class='ocrx_word' id='word_1_401' title='bbox 951 2690 1039 2723; x_wconf 77' lang='lat' dir='ltr'><em>Aen.</em></span> <span class='ocrx_word' id='word_1_402' title='bbox 1060 2689 1110 2732; x_wconf 87' lang='lat' dir='ltr'><strong>X,</strong></span> <span class='ocrx_word' id='word_1_403' title='bbox 1134 2700 1164 2724; x_wconf 86' lang='lat' dir='ltr'><strong>v.</strong></span> <span class='ocrx_word' id='word_1_404' title='bbox 1190 2691 1277 2724; x_wconf 88' lang='lat'>181:</span> <span class='ocrx_word' id='word_1_405' title='bbox 1304 2688 1418 2722; x_wconf 77' lang='lat' dir='ltr'><strong>Astur</strong></span> <span class='ocrx_word' id='word_1_406' title='bbox 1442 2699 1535 2732; x_wconf 92' lang='lat' dir='ltr'><strong>equo</strong></span> <span class='ocrx_word' id='word_1_407' title='bbox 1559 2687 1686 2724; x_wconf 84' lang='lat' dir='ltr'><strong>fidens.</strong></span> 
     </span>
     <span class='ocr_line' id='line_1_42' title="bbox 199 2735 1688 2780; baseline -0.001 -9"><span class='ocrx_word' id='word_1_408' title='bbox 199 2737 236 2780; x_wconf 86' lang='lat'><strong>3)</strong></span> <span class='ocrx_word' id='word_1_409' title='bbox 278 2736 332 2778; x_wconf 79' lang='lat' dir='ltr'><strong>Cf.</strong></span> <span class='ocrx_word' id='word_1_410' title='bbox 368 2746 483 2778; x_wconf 76' lang='lat' dir='ltr'><strong>supra</strong></span> <span class='ocrx_word' id='word_1_411' title='bbox 518 2746 553 2778; x_wconf 84' lang='lat' dir='ltr'><strong>p.</strong></span> <span class='ocrx_word' id='word_1_412' title='bbox 577 2737 634 2778; x_wconf 83' lang='lat'><strong>79,</strong></span> <span class='ocrx_word' id='word_1_413' title='bbox 669 2735 694 2770; x_wconf 88' lang='lat' dir='ltr'><strong>l.</strong></span> <span class='ocrx_word' id='word_1_414' title='bbox 719 2736 810 2778; x_wconf 76' lang='lat' dir='ltr'><strong>2sq.</strong></span> <span class='ocrx_word' id='word_1_415' title='bbox 844 2739 875 2767; x_wconf 82' lang='lat' dir='ltr'><strong>et</strong></span> <span class='ocrx_word' id='word_1_416' title='bbox 907 2746 943 2770; x_wconf 82' lang='lat' dir='ltr'><strong>n.</strong></span> <span class='ocrx_word' id='word_1_417' title='bbox 974 2738 1006 2771; x_wconf 91' lang='lat'><strong>1.</strong></span> <span class='ocrx_word' id='word_1_418' title='bbox 1149 2737 1187 2779; x_wconf 87' lang='lat'><strong>4)</strong></span> <span class='ocrx_word' id='word_1_419' title='bbox 1226 2736 1319 2770; x_wconf 83' lang='lat' dir='ltr'><strong>Ibid.</strong></span> <span class='ocrx_word' id='word_1_420' title='bbox 1349 2747 1388 2778; x_wconf 82' lang='lat' dir='ltr'><strong>p.</strong></span> <span class='ocrx_word' id='word_1_421' title='bbox 1421 2737 1477 2778; x_wconf 89' lang='lat'><strong>10,</strong></span> <span class='ocrx_word' id='word_1_422' title='bbox 1512 2736 1535 2770; x_wconf 90' lang='lat' dir='ltr'><strong>l.</strong></span> <span class='ocrx_word' id='word_1_423' title='bbox 1568 2737 1624 2771; x_wconf 88' lang='lat'><strong>19.</strong></span> <span class='ocrx_word' id='word_1_424' title='bbox 1657 2740 1688 2769; x_wconf 80' lang='lat' dir='ltr'><strong>et</strong></span> 
     </span>
     <span class='ocr_line' id='line_1_43' title="bbox 199 2782 1685 2825; baseline 0.001 -10"><span class='ocrx_word' id='word_1_425' title='bbox 199 2793 235 2817; x_wconf 81' lang='lat' dir='ltr'><strong>n.</strong></span> <span class='ocrx_word' id='word_1_426' title='bbox 260 2784 303 2825; x_wconf 84' lang='lat'><strong>23</strong></span> <span class='ocrx_word' id='word_1_427' title='bbox 337 2783 465 2824; x_wconf 78' lang='lat' dir='ltr'><strong>Waitz,</strong></span> <span class='ocrx_word' id='word_1_428' title='bbox 491 2782 596 2816; x_wconf 67' lang='lat' dir='ltr'><strong>‹VGJ</strong></span> <span class='ocrx_word' id='word_1_429' title='bbox 621 2782 672 2816; x_wconf 81' lang='lat' dir='ltr'><strong>ed.</strong></span> <span class='ocrx_word' id='word_1_430' title='bbox 699 2783 731 2816; x_wconf 85' lang='lat'><strong>2.</strong></span> <span class='ocrx_word' id='word_1_431' title='bbox 765 2782 803 2824; x_wconf 84' lang='lat' dir='ltr'><strong>V,</strong></span> <span class='ocrx_word' id='word_1_432' title='bbox 833 2793 870 2825; x_wconf 82' lang='lat' dir='ltr'><strong>p.</strong></span> <span class='ocrx_word' id='word_1_433' title='bbox 894 2784 951 2822; x_wconf 81' lang='lat'><strong>77,</strong></span> <span class='ocrx_word' id='word_1_434' title='bbox 975 2793 1011 2816; x_wconf 78' lang='lat' dir='ltr'><strong>n.</strong></span> <span class='ocrx_word' id='word_1_435' title='bbox 1032 2782 1062 2816; x_wconf 92' lang='grc'><strong>1.</strong></span> <span class='ocrx_word' id='word_1_436' title='bbox 1170 2784 1205 2824; x_wconf 84' lang='grc'><strong>5)</strong></span> <span class='ocrx_word' id='word_1_437' title='bbox 1230 2783 1285 2823; x_wconf 84' lang='lat' dir='ltr'><strong>Cf.</strong></span> <span class='ocrx_word' id='word_1_438' title='bbox 1311 2793 1426 2825; x_wconf 80' lang='lat' dir='ltr'><strong>supra</strong></span> <span class='ocrx_word' id='word_1_439' title='bbox 1445 2793 1484 2825; x_wconf 79' lang='lat' dir='ltr'><strong>p.</strong></span> <span class='ocrx_word' id='word_1_440' title='bbox 1504 2783 1561 2825; x_wconf 86' lang='lat'><strong>96,</strong></span> <span class='ocrx_word' id='word_1_441' title='bbox 1591 2793 1628 2817; x_wconf 76' lang='lat' dir='ltr'><strong>n.</strong></span> <span class='ocrx_word' id='word_1_442' title='bbox 1652 2784 1685 2818; x_wconf 90' lang='grc'><strong>6.</strong></span> 
     </span>
     <span class='ocr_line' id='line_1_44' title="bbox 201 2828 1685 2872; baseline 0 -9"><span class='ocrx_word' id='word_1_443' title='bbox 201 2830 223 2864; x_wconf 91' lang='grc'><strong>6</strong></span> <span class='ocrx_word' id='word_1_444' title='bbox 257 2828 360 2862; x_wconf 70' lang='lat' dir='ltr'><strong>Diem</strong></span> <span class='ocrx_word' id='word_1_445' title='bbox 376 2831 502 2863; x_wconf 73' lang='lat' dir='ltr'><strong>mortis</strong></span> <span class='ocrx_word' id='word_1_446' title='bbox 517 2830 655 2862; x_wconf 76' lang='lat' dir='ltr'><strong>indicat</strong></span> <span class='ocrx_word' id='word_1_447' title='bbox 670 2829 806 2863; x_wconf 75' lang='lat' dir='ltr'><strong>Neorol.</strong></span> <span class='ocrx_word' id='word_1_448' title='bbox 824 2828 1104 2871; x_wconf 73' lang='lat' dir='ltr'><strong>Luneburyense,</strong></span> <span class='ocrx_word' id='word_1_449' title='bbox 1118 2829 1322 2871; x_wconf 67' lang='lat' dir='ltr'><strong>Wedekind,</strong></span> <span class='ocrx_word' id='word_1_450' title='bbox 1341 2828 1477 2863; x_wconf 75' lang='lat' dir='ltr'><strong>‘Noton&#39;</strong></span> <span class='ocrx_word' id='word_1_451' title='bbox 1485 2829 1560 2871; x_wconf 93' lang='lat' dir='ltr'><em>III,</em></span> <span class='ocrx_word' id='word_1_452' title='bbox 1572 2840 1612 2872; x_wconf 81' lang='lat' dir='ltr'><strong>p.</strong></span> <span class='ocrx_word' id='word_1_453' title='bbox 1624 2831 1685 2865; x_wconf 84' lang='lat'><strong>70:</strong></span> 
     </span>
    </p>

    <p class='ocr_par' dir='ltr' id='par_1_12' title="bbox 273 2874 1685 2912">
     <span class='ocr_line' id='line_1_45' title="bbox 273 2874 1685 2912; baseline 0.002 -4"><span class='ocrx_word' id='word_1_454' title='bbox 273 2874 358 2910; x_wconf 84' lang='lat' dir='ltr'><strong>Kal.</strong></span> <span class='ocrx_word' id='word_1_455' title='bbox 383 2875 462 2911; x_wconf 87' lang='lat' dir='ltr'><strong>Oct.</strong></span> <span class='ocrx_word' id='word_1_456' title='bbox 480 2875 744 2910; x_wconf 88' lang='lat' dir='ltr'><strong>Wichmannus</strong></span> <span class='ocrx_word' id='word_1_457' title='bbox 769 2886 891 2909; x_wconf 86' lang='lat' dir='ltr'><strong>comes</strong></span> <span class='ocrx_word' id='word_1_458' title='bbox 916 2877 953 2909; x_wconf 87' lang='lat' dir='ltr'><strong>et</strong></span> <span class='ocrx_word' id='word_1_459' title='bbox 976 2874 1084 2908; x_wconf 88' lang='lat' dir='ltr'><strong>multi</strong></span> <span class='ocrx_word' id='word_1_460' title='bbox 1109 2875 1171 2908; x_wconf 86' lang='lat' dir='ltr'><strong>alii</strong></span> <span class='ocrx_word' id='word_1_461' title='bbox 1196 2875 1303 2909; x_wconf 84' lang='lat' dir='ltr'><strong>occisi</strong></span> <span class='ocrx_word' id='word_1_462' title='bbox 1328 2878 1366 2909; x_wconf 87' lang='lat' dir='ltr'><strong>et</strong></span> <span class='ocrx_word' id='word_1_463' title='bbox 1389 2875 1509 2909; x_wconf 87' lang='lat' dir='ltr'><strong>Hoico</strong></span> <span class='ocrx_word' id='word_1_464' title='bbox 1538 2876 1685 2912; x_wconf 84' lang='lat' dir='ltr'><strong>occisus.</strong></span> 
     </span>
    </p>

    <p class='ocr_par' dir='ltr' id='par_1_13' title="bbox 140 2922 1686 2966">
     <span class='ocr_line' id='line_1_46' title="bbox 140 2922 1686 2966; baseline 0.002 -12"><span class='ocrx_word' id='word_1_465' title='bbox 140 2929 176 2954; x_wconf 73' lang='lat'><strong>45</strong></span> <span class='ocrx_word' id='word_1_466' title='bbox 201 2923 308 2955; x_wconf 81' lang='lat' dir='ltr'><strong>Anno</strong></span> <span class='ocrx_word' id='word_1_467' title='bbox 332 2923 412 2957; x_wconf 83' lang='lat'><strong>967.</strong></span> <span class='ocrx_word' id='word_1_468' title='bbox 441 2923 527 2956; x_wconf 76' lang='lat' dir='ltr'><strong>haee</strong></span> <span class='ocrx_word' id='word_1_469' title='bbox 550 2924 668 2957; x_wconf 79' lang='lat' dir='ltr'><strong>omnia</strong></span> <span class='ocrx_word' id='word_1_470' title='bbox 700 2924 800 2964; x_wconf 82' lang='lat' dir='ltr'><strong>facta</strong></span> <span class='ocrx_word' id='word_1_471' title='bbox 831 2932 902 2956; x_wconf 74' lang='lat' dir='ltr'><strong>esse</strong></span> <span class='ocrx_word' id='word_1_472' title='bbox 933 2922 1014 2956; x_wconf 73' lang='lat' dir='ltr'><strong>inde</strong></span> <span class='ocrx_word' id='word_1_473' title='bbox 1046 2923 1285 2956; x_wconf 77' lang='lat' dir='ltr'><strong>coniciendum</strong></span> <span class='ocrx_word' id='word_1_474' title='bbox 1317 2927 1378 2966; x_wconf 74' lang='lat' dir='ltr'><strong>est,</strong></span> <span class='ocrx_word' id='word_1_475' title='bbox 1413 2923 1506 2966; x_wconf 78' lang='lat' dir='ltr'><strong>quod</strong></span> <span class='ocrx_word' id='word_1_476' title='bbox 1539 2924 1686 2966; x_wconf 72' lang='lat' dir='ltr'><strong>epistola</strong></span> 
     </span>
    </p>

    <p class='ocr_par' dir='ltr' id='par_1_14' title="bbox 201 2970 1254 3013">
     <span class='ocr_line' id='line_1_47' title="bbox 201 2970 1254 3013; baseline 0.003 -12"><span class='ocrx_word' id='word_1_477' title='bbox 201 2970 441 3012; x_wconf 70' lang='lat' dir='ltr'><strong>imperatoris,</strong></span> <span class='ocrx_word' id='word_1_478' title='bbox 465 2980 553 3013; x_wconf 72' lang='lat' dir='ltr'><strong>quae</strong></span> <span class='ocrx_word' id='word_1_479' title='bbox 576 2972 697 3003; x_wconf 68' lang='lat' dir='ltr'><strong>statim</strong></span> <span class='ocrx_word' id='word_1_480' title='bbox 721 2971 891 3013; x_wconf 72' lang='lat' dir='ltr'><strong>sequitur,</strong></span> <span class='ocrx_word' id='word_1_481' title='bbox 919 2979 953 3004; x_wconf 86' lang='lat' dir='ltr'><strong>a.</strong></span> <span class='ocrx_word' id='word_1_482' title='bbox 980 2970 1060 3005; x_wconf 87' lang='lat'><strong>968.</strong></span> <span class='ocrx_word' id='word_1_483' title='bbox 1084 2970 1174 3003; x_wconf 82' lang='lat' dir='ltr'><strong>data</strong></span> <span class='ocrx_word' id='word_1_484' title='bbox 1197 2971 1254 3005; x_wconf 78' lang='lat' dir='ltr'><strong>sit.</strong></span> 
     </span>
    </p>
   </div>
  </div>
 </body>
</html>
