<?xml version="1.0" encoding="UTF-8"?>
<!DOCTYPE html PUBLIC "-//W3C//DTD XHTML 1.0 Transitional//EN"
    "http://www.w3.org/TR/xhtml1/DTD/xhtml1-transitional.dtd">
<html xmlns="http://www.w3.org/1999/xhtml" xml:lang="en" lang="en">
 <head>
  <title>
</title>
<meta http-equiv="Content-Type" content="text/html;charset=utf-8" />
  <meta name='ocr-system' content='tesseract 3.04.00' />
  <meta name='ocr-capabilities' content='ocr_page ocr_carea ocr_par ocr_line ocrx_word'/>
</head>
<body>
  <div class='ocr_page' id='page_1' title='image "./rerumgestarumsax00widuuoft_0132.png"; bbox 0 0 2034 3380; ppageno 0'>
   <div class='ocr_carea' id='block_1_1' title="bbox 270 950 350 984">
    <p class='ocr_par' dir='ltr' id='par_1_1' title="bbox 270 950 350 984">
     <span class='ocr_line' id='line_1_1' title="bbox 270 950 350 984; baseline 0 0"><span class='ocrx_word' id='word_1_1' title='bbox 270 950 350 984; x_wconf 82' lang='lat'>953.</span> 
     </span>
    </p>
   </div>
   <div class='ocr_carea' id='block_1_2' title="bbox 231 1254 351 1286">
    <p class='ocr_par' dir='ltr' id='par_1_2' title="bbox 231 1254 351 1286">
     <span class='ocr_line' id='line_1_2' title="bbox 231 1254 351 1286; baseline -0.008 -7"><span class='ocrx_word' id='word_1_2' title='bbox 231 1254 351 1286; x_wconf 76' lang='lat' dir='ltr'>(Mart.)</span> 
     </span>
    </p>
   </div>
   <div class='ocr_carea' id='block_1_3' title="bbox 232 1619 350 1649">
    <p class='ocr_par' dir='ltr' id='par_1_3' title="bbox 232 1619 350 1649">
     <span class='ocr_line' id='line_1_3' title="bbox 232 1619 350 1649; baseline -0.008 -4"><span class='ocrx_word' id='word_1_3' title='bbox 232 1619 305 1649; x_wconf 77' lang='lat' dir='ltr'>Apr.</span> <span class='ocrx_word' id='word_1_4' title='bbox 324 1619 350 1645; x_wconf 88' lang='lat'>3.</span> 
     </span>
    </p>
   </div>
   <div class='ocr_carea' id='block_1_4' title="bbox 366 343 1254 380">
    <p class='ocr_par' dir='ltr' id='par_1_4' title="bbox 366 343 1254 380">
     <span class='ocr_line' id='line_1_4' title="bbox 366 343 1254 380; baseline -0.001 0"><span class='ocrx_word' id='word_1_5' title='bbox 366 346 413 380; x_wconf 84' lang='lat'>94</span> <span class='ocrx_word' id='word_1_6' title='bbox 961 343 1198 380; x_wconf 88' lang='lat' dir='ltr'>WIDUKIN</span> <span class='ocrx_word' id='word_1_7' title='bbox 1199 344 1254 380; x_wconf 92' lang='lat' dir='ltr'>DI</span> 
     </span>
    </p>
   </div>
   <div class='ocr_carea' id='block_1_5' title="bbox 364 464 1896 917">
    <p class='ocr_par' dir='ltr' id='par_1_5' title="bbox 364 464 1896 917">
     <span class='ocr_line' id='line_1_5' title="bbox 508 464 1851 520; baseline 0.003 -14"><span class='ocrx_word' id='word_1_8' title='bbox 508 464 620 506; x_wconf 91' lang='lat' dir='ltr'>XII.</span> <span class='ocrx_word' id='word_1_9' title='bbox 691 465 804 506; x_wconf 88' lang='lat' dir='ltr'>Nati</span> <span class='ocrx_word' id='word_1_10' title='bbox 851 467 959 507; x_wconf 90' lang='lat' dir='ltr'>sunt</span> <span class='ocrx_word' id='word_1_11' title='bbox 1000 468 1155 508; x_wconf 87' lang='lat' dir='ltr'>autem</span> <span class='ocrx_word' id='word_1_12' title='bbox 1194 466 1292 520; x_wconf 87' lang='lat' dir='ltr'>regi</span> <span class='ocrx_word' id='word_1_13' title='bbox 1333 466 1417 508; x_wconf 90' lang='lat' dir='ltr'>filii</span> <span class='ocrx_word' id='word_1_14' title='bbox 1464 481 1518 509; x_wconf 84' lang='lat' dir='ltr'>ex</span> <span class='ocrx_word' id='word_1_15' title='bbox 1556 469 1851 518; x_wconf 60' lang='lat' dir='ltr'>‚serenissima</span> 
     </span>
     <span class='ocr_line' id='line_1_6' title="bbox 365 523 1848 578; baseline 0.003 -14"><span class='ocrx_word' id='word_1_16' title='bbox 365 523 525 577; x_wconf 86' lang='lat' dir='ltr'>regina</span> <span class='ocrx_word' id='word_1_17' title='bbox 590 524 922 578; x_wconf 87' lang='lat' dir='ltr'>primogenitus</span> <span class='ocrx_word' id='word_1_18' title='bbox 983 524 1229 566; x_wconf 87' lang='lat' dir='ltr'>Heinricus</span> <span class='ocrx_word' id='word_1_19' title='bbox 1247 524 1274 575; x_wconf 86' lang='lat'>¹,</span> <span class='ocrx_word' id='word_1_20' title='bbox 1344 526 1570 567; x_wconf 87' lang='lat' dir='ltr'>secundus</span> <span class='ocrx_word' id='word_1_21' title='bbox 1632 527 1802 568; x_wconf 61' lang='lat' dir='ltr'>Brunfl·</span> <span class='ocrx_word' id='word_1_22' title='bbox 1820 528 1848 578; x_wconf 81' lang='lat'>2,</span> 
     </span>
     <span class='ocr_line' id='line_1_7' title="bbox 365 577 1850 640; baseline 0.003 -18"><span class='ocrx_word' id='word_1_23' title='bbox 365 577 558 623; x_wconf 86' lang='lat' dir='ltr'>tertiusb</span> <span class='ocrx_word' id='word_1_24' title='bbox 605 583 787 636; x_wconf 84' lang='lat' dir='ltr'>paterni</span> <span class='ocrx_word' id='word_1_25' title='bbox 832 583 1028 624; x_wconf 91' lang='lat' dir='ltr'>nominis</span> <span class='ocrx_word' id='word_1_26' title='bbox 1075 583 1314 626; x_wconf 83' lang='lat' dir='ltr'>maiestate</span> <span class='ocrx_word' id='word_1_27' title='bbox 1360 584 1627 640; x_wconf 88' lang='lat' dir='ltr'>designatus</span> <span class='ocrx_word' id='word_1_28' title='bbox 1640 585 1668 635; x_wconf 81' lang='lat'>3,</span> <span class='ocrx_word' id='word_1_29' title='bbox 1716 598 1850 640; x_wconf 87' lang='lat' dir='ltr'>quem</span> 
     </span>
     <span class='ocr_line' id='line_1_8' title="bbox 364 641 1850 698; baseline 0.003 -17"><span class='ocrx_word' id='word_1_30' title='bbox 364 641 456 682; x_wconf 89' lang='lat' dir='ltr'>iam</span> <span class='ocrx_word' id='word_1_31' title='bbox 497 643 626 695; x_wconf 79' lang='lat' dir='ltr'>post⁰</span> <span class='ocrx_word' id='word_1_32' title='bbox 663 644 841 696; x_wconf 88' lang='lat' dir='ltr'>patrem</span> <span class='ocrx_word' id='word_1_33' title='bbox 883 642 1118 683; x_wconf 90' lang='lat' dir='ltr'>dominum</span> <span class='ocrx_word' id='word_1_34' title='bbox 1159 656 1211 683; x_wconf 86' lang='lat' dir='ltr'>ac</span> <span class='ocrx_word' id='word_1_35' title='bbox 1251 643 1573 698; x_wconf 72' lang='lat' dir='ltr'>imperatorem</span> <span class='ocrx_word' id='word_1_36' title='bbox 1611 644 1850 686; x_wconf 85' lang='lat' dir='ltr'>universus</span> 
     </span>
     <span class='ocr_line' id='line_1_9' title="bbox 366 697 1896 755; baseline 0.003 -15"><span class='ocrx_word' id='word_1_37' title='bbox 366 702 519 754; x_wconf 87' lang='lat' dir='ltr'>sperat</span> <span class='ocrx_word' id='word_1_38' title='bbox 551 699 693 750; x_wconf 91' lang='lat' dir='ltr'>orbis;</span> <span class='ocrx_word' id='word_1_39' title='bbox 728 697 899 741; x_wconf 71' lang='lat' dir='ltr'>filiamd</span> <span class='ocrx_word' id='word_1_40' title='bbox 935 714 1113 755; x_wconf 91' lang='lat' dir='ltr'>quoque</span> <span class='ocrx_word' id='word_1_41' title='bbox 1145 704 1330 743; x_wconf 85' lang='lat' dir='ltr'>sanctae</span> <span class='ocrx_word' id='word_1_42' title='bbox 1362 703 1522 743; x_wconf 90' lang='lat' dir='ltr'>matris</span> <span class='ocrx_word' id='word_1_43' title='bbox 1563 703 1685 744; x_wconf 75' lang='lat' dir='ltr'>eius0</span> <span class='ocrx_word' id='word_1_44' title='bbox 1723 716 1850 745; x_wconf 84' lang='lat' dir='ltr'>voca·</span> <span class='ocrx_word' id='word_1_45' title='bbox 1877 719 1896 744; x_wconf 79' lang='lat'><strong>5</strong></span> 
     </span>
     <span class='ocr_line' id='line_1_10' title="bbox 365 758 1848 815; baseline 0.003 -16"><span class='ocrx_word' id='word_1_46' title='bbox 365 758 474 800; x_wconf 90' lang='lat' dir='ltr'>bulo</span> <span class='ocrx_word' id='word_1_47' title='bbox 505 758 771 813; x_wconf 76' lang='lat' dir='ltr'><strong>insignitam</strong></span> <span class='ocrx_word' id='word_1_48' title='bbox 785 759 813 810; x_wconf 82' lang='lat'>4,</span> <span class='ocrx_word' id='word_1_49' title='bbox 847 760 904 800; x_wconf 90' lang='lat' dir='ltr'>de</span> <span class='ocrx_word' id='word_1_50' title='bbox 935 773 1026 813; x_wconf 89' lang='lat' dir='ltr'>qua</span> <span class='ocrx_word' id='word_1_51' title='bbox 1053 773 1144 800; x_wconf 90' lang='lat' dir='ltr'>non</span> <span class='ocrx_word' id='word_1_52' title='bbox 1166 760 1468 814; x_wconf 81' lang='lat' dir='ltr'><strong>presumimus</strong></span> <span class='ocrx_word' id='word_1_53' title='bbox 1490 761 1664 815; x_wconf 86' lang='lat' dir='ltr'>aliquid</span> <span class='ocrx_word' id='word_1_54' title='bbox 1686 762 1848 812; x_wconf 87' lang='lat' dir='ltr'>dicere,</span> 
     </span>
     <span class='ocr_line' id='line_1_11' title="bbox 366 817 1850 898; baseline 0.003 -40"><span class='ocrx_word' id='word_1_55' title='bbox 366 830 469 858; x_wconf 88' lang='lat' dir='ltr'>cum</span> <span class='ocrx_word' id='word_1_56' title='bbox 501 817 598 898; x_wconf 58' lang='lat' dir='ltr'>eius</span> <span class='ocrx_word' id='word_1_57' title='bbox 630 817 816 859; x_wconf 90' lang='lat' dir='ltr'>claritas</span> <span class='ocrx_word' id='word_1_58' title='bbox 837 817 1059 872; x_wconf 86' lang='lat' dir='ltr'>precellat</span> <span class='ocrx_word' id='word_1_59' title='bbox 1080 831 1213 860; x_wconf 90' lang='lat' dir='ltr'>omne</span> <span class='ocrx_word' id='word_1_60' title='bbox 1235 819 1357 872; x_wconf 92' lang='lat' dir='ltr'>quod</span> <span class='ocrx_word' id='word_1_61' title='bbox 1379 820 1529 862; x_wconf 83' lang='lat' dir='ltr'>dicere</span> <span class='ocrx_word' id='word_1_62' title='bbox 1551 822 1633 861; x_wconf 88' lang='lat' dir='ltr'>aut</span> <span class='ocrx_word' id='word_1_63' title='bbox 1654 820 1850 862; x_wconf 88' lang='lat' dir='ltr'>scribere</span> 
     </span>
     <span class='ocr_line' id='line_1_12' title="bbox 365 875 615 917; baseline -0.008 -1"><span class='ocrx_word' id='word_1_64' title='bbox 365 875 569 917; x_wconf 86' lang='lat' dir='ltr'>valemus</span> <span class='ocrx_word' id='word_1_65' title='bbox 606 905 615 914; x_wconf 94' lang='lat'>.</span> 
     </span>
    </p>
   </div>
   <div class='ocr_carea' id='block_1_6' title="bbox 363 946 1911 1587">
    <p class='ocr_par' dir='ltr' id='par_1_6' title="bbox 363 946 1911 1587">
     <span class='ocr_line' id='line_1_13' title="bbox 507 946 1849 1001; baseline 0.003 -15"><span class='ocrx_word' id='word_1_66' title='bbox 507 946 647 987; x_wconf 90' lang='lat' dir='ltr'>XIII.</span> <span class='ocrx_word' id='word_1_67' title='bbox 730 946 973 987; x_wconf 83' lang='lat' dir='ltr'>Enimvero</span> <span class='ocrx_word' id='word_1_68' title='bbox 1024 959 1103 988; x_wconf 88' lang='lat' dir='ltr'>rex</span> <span class='ocrx_word' id='word_1_69' title='bbox 1156 960 1260 988; x_wconf 87' lang='lat' dir='ltr'>cum</span> <span class='ocrx_word' id='word_1_70' title='bbox 1311 948 1519 1001; x_wconf 82' lang='lat' dir='ltr'>regiones</span> <span class='ocrx_word' id='word_1_71' title='bbox 1571 948 1849 990; x_wconf 81' lang='lat' dir='ltr'>Francorum</span> 
     </span>
     <span class='ocr_line' id='line_1_14' title="bbox 365 1004 1911 1061; baseline 0.002 -16"><span class='ocrx_word' id='word_1_72' title='bbox 365 1004 590 1058; x_wconf 87' lang='lat' dir='ltr'>urbesque</span> <span class='ocrx_word' id='word_1_73' title='bbox 623 1004 848 1054; x_wconf 71' lang='lat' dir='ltr'>circuiret,</span> <span class='ocrx_word' id='word_1_74' title='bbox 883 1005 1072 1055; x_wconf 87' lang='lat' dir='ltr'>audivit,</span> <span class='ocrx_word' id='word_1_75' title='bbox 1115 1005 1222 1059; x_wconf 87' lang='lat' dir='ltr'>quia</span> <span class='ocrx_word' id='word_1_76' title='bbox 1263 1005 1305 1047; x_wconf 90' lang='lat' dir='ltr'>ei</span> <span class='ocrx_word' id='word_1_77' title='bbox 1344 1006 1538 1048; x_wconf 82' lang='lat' dir='ltr'>insidiae</span> <span class='ocrx_word' id='word_1_78' title='bbox 1579 1009 1851 1061; x_wconf 85' lang='lat' dir='ltr'>pararentur</span> <span class='ocrx_word' id='word_1_79' title='bbox 1878 1024 1911 1048; x_wconf 85' lang='grc' dir='ltr'>ιο</span> 
     </span>
     <span class='ocr_line' id='line_1_15' title="bbox 365 1062 1850 1120; baseline 0.003 -17"><span class='ocrx_word' id='word_1_80' title='bbox 365 1077 392 1103; x_wconf 86' lang='lat' dir='ltr'>a</span> <span class='ocrx_word' id='word_1_81' title='bbox 431 1063 526 1104; x_wconf 91' lang='lat' dir='ltr'>filio</span> <span class='ocrx_word' id='word_1_82' title='bbox 567 1062 875 1117; x_wconf 83' lang='lat' dir='ltr'>generoque⁵;</span> <span class='ocrx_word' id='word_1_83' title='bbox 922 1066 1199 1118; x_wconf 88' lang='lat' dir='ltr'>quapropter</span> <span class='ocrx_word' id='word_1_84' title='bbox 1241 1077 1443 1106; x_wconf 90' lang='lat' dir='ltr'>summus</span> <span class='ocrx_word' id='word_1_85' title='bbox 1483 1065 1691 1120; x_wconf 82' lang='lat' dir='ltr'>pontifex</span> <span class='ocrx_word' id='word_1_86' title='bbox 1729 1079 1850 1108; x_wconf 87' lang='lat' dir='ltr'>revo-</span> 
     </span>
     <span class='ocr_line' id='line_1_16' title="bbox 365 1122 1850 1172; baseline 0.003 -10"><span class='ocrx_word' id='word_1_87' title='bbox 365 1123 508 1172; x_wconf 87' lang='lat' dir='ltr'>catus,</span> <span class='ocrx_word' id='word_1_88' title='bbox 541 1122 622 1163; x_wconf 91' lang='lat' dir='ltr'>ubi</span> <span class='ocrx_word' id='word_1_89' title='bbox 653 1123 950 1163; x_wconf 82' lang='lat' dir='ltr'>austeriorem</span> <span class='ocrx_word' id='word_1_90' title='bbox 981 1123 1124 1163; x_wconf 86' lang='lat' dir='ltr'>vitam</span> <span class='ocrx_word' id='word_1_91' title='bbox 1157 1136 1280 1164; x_wconf 91' lang='lat' dir='ltr'>more</span> <span class='ocrx_word' id='word_1_92' title='bbox 1313 1123 1447 1165; x_wconf 89' lang='lat' dir='ltr'>solito</span> <span class='ocrx_word' id='word_1_93' title='bbox 1480 1137 1584 1165; x_wconf 87' lang='lat' dir='ltr'>cum</span> <span class='ocrx_word' id='word_1_94' title='bbox 1615 1124 1850 1167; x_wconf 83' lang='lat' dir='ltr'>heremitis</span> 
     </span>
     <span class='ocr_line' id='line_1_17' title="bbox 365 1180 1850 1238; baseline 0.003 -17"><span class='ocrx_word' id='word_1_95' title='bbox 365 1183 411 1222; x_wconf 89' lang='lat' dir='ltr'>et</span> <span class='ocrx_word' id='word_1_96' title='bbox 453 1180 700 1222; x_wconf 80' lang='lat' dir='ltr'>solitariis6</span> <span class='ocrx_word' id='word_1_97' title='bbox 740 1183 848 1222; x_wconf 87' lang='lat' dir='ltr'>ante</span> <span class='ocrx_word' id='word_1_98' title='bbox 890 1182 1060 1235; x_wconf 83' lang='lat' dir='ltr'>pascha</span> <span class='ocrx_word' id='word_1_99' title='bbox 1101 1182 1280 1236; x_wconf 81' lang='lat' dir='ltr'>agebat,</span> <span class='ocrx_word' id='word_1_100' title='bbox 1323 1183 1523 1237; x_wconf 89' lang='lat' dir='ltr'>suscepit</span> <span class='ocrx_word' id='word_1_101' title='bbox 1562 1196 1717 1238; x_wconf 89' lang='lat' dir='ltr'>regem</span> <span class='ocrx_word' id='word_1_102' title='bbox 1757 1183 1850 1225; x_wconf 91' lang='lat' dir='ltr'>Mo-</span> 
     </span>
     <span class='ocr_line' id='line_1_18' title="bbox 364 1239 1849 1293; baseline 0.003 -14"><span class='ocrx_word' id='word_1_103' title='bbox 364 1239 563 1293; x_wconf 87' lang='lat' dir='ltr'>gontiae,</span> <span class='ocrx_word' id='word_1_104' title='bbox 605 1239 669 1281; x_wconf 91' lang='lat' dir='ltr'>ibi</span> <span class='ocrx_word' id='word_1_105' title='bbox 710 1239 752 1281; x_wconf 91' lang='lat' dir='ltr'>ei</span> <span class='ocrx_word' id='word_1_106' title='bbox 793 1239 1075 1293; x_wconf 84' lang='lat' dir='ltr'>aliquamdiu</span> <span class='ocrx_word' id='word_1_107' title='bbox 1115 1240 1425 1282; x_wconf 65' lang='lat' dir='ltr'>ministransg.</span> <span class='ocrx_word' id='word_1_108' title='bbox 1495 1240 1710 1283; x_wconf 82' lang='lat' dir='ltr'>Nefanda</span> <span class='ocrx_word' id='word_1_109' title='bbox 1749 1255 1849 1284; x_wconf 90' lang='lat' dir='ltr'>con-</span> 
     </span>
     <span class='ocr_line' id='line_1_19' title="bbox 365 1295 1910 1355; baseline 0.002 -17"><span class='ocrx_word' id='word_1_110' title='bbox 365 1297 467 1338; x_wconf 89' lang='lat' dir='ltr'>silia</span> <span class='ocrx_word' id='word_1_111' title='bbox 498 1298 682 1352; x_wconf 87' lang='lat' dir='ltr'>prodita</span> <span class='ocrx_word' id='word_1_112' title='bbox 714 1312 740 1339; x_wconf 89' lang='lat' dir='ltr'>a</span> <span class='ocrx_word' id='word_1_113' title='bbox 772 1298 866 1339; x_wconf 87' lang='lat' dir='ltr'>filio</span> <span class='ocrx_word' id='word_1_114' title='bbox 899 1311 1157 1352; x_wconf 88' lang='lat' dir='ltr'>generoque</span> <span class='ocrx_word' id='word_1_115' title='bbox 1189 1295 1554 1350; x_wconf 76' lang='lat' dir='ltr'>animadversah;</span> <span class='ocrx_word' id='word_1_116' title='bbox 1588 1296 1839 1355; x_wconf 70' lang='lat' dir='ltr'>purgandii</span> <span class='ocrx_word' id='word_1_117' title='bbox 1876 1315 1910 1341; x_wconf 68' lang='grc' dir='ltr'>ιε</span> 
     </span>
     <span class='ocr_line' id='line_1_20' title="bbox 364 1355 1846 1413; baseline 0.002 -16"><span class='ocrx_word' id='word_1_118' title='bbox 364 1356 512 1398; x_wconf 85' lang='lat' dir='ltr'>locum</span> <span class='ocrx_word' id='word_1_119' title='bbox 557 1357 758 1398; x_wconf 87' lang='lat' dir='ltr'>criminis</span> <span class='ocrx_word' id='word_1_120' title='bbox 800 1371 900 1398; x_wconf 90' lang='lat' dir='ltr'>cum</span> <span class='ocrx_word' id='word_1_121' title='bbox 945 1357 1134 1398; x_wconf 85' lang='lat' dir='ltr'>consilio</span> <span class='ocrx_word' id='word_1_122' title='bbox 1175 1357 1405 1412; x_wconf 84' lang='lat' dir='ltr'>pontificis</span> <span class='ocrx_word' id='word_1_123' title='bbox 1451 1355 1648 1413; x_wconf 78' lang='lat' dir='ltr'>petuntk</span> <span class='ocrx_word' id='word_1_124' title='bbox 1692 1361 1740 1401; x_wconf 89' lang='lat' dir='ltr'>et</span> <span class='ocrx_word' id='word_1_125' title='bbox 1783 1359 1846 1400; x_wconf 89' lang='lat' dir='ltr'>in-</span> 
     </span>
     <span class='ocr_line' id='line_1_21' title="bbox 363 1414 1849 1473; baseline 0.001 -16"><span class='ocrx_word' id='word_1_126' title='bbox 363 1417 562 1469; x_wconf 84' lang='lat' dir='ltr'>petrant.</span> <span class='ocrx_word' id='word_1_127' title='bbox 616 1414 705 1466; x_wconf 82' lang='lat' dir='ltr'>Qui</span> <span class='ocrx_word' id='word_1_128' title='bbox 737 1415 846 1457; x_wconf 88' lang='lat' dir='ltr'>licet</span> <span class='ocrx_word' id='word_1_129' title='bbox 878 1415 1060 1457; x_wconf 86' lang='lat' dir='ltr'>sceleris</span> <span class='ocrx_word' id='word_1_130' title='bbox 1092 1416 1335 1458; x_wconf 86' lang='lat' dir='ltr'>manifeste</span> <span class='ocrx_word' id='word_1_131' title='bbox 1357 1419 1671 1471; x_wconf 87' lang='lat' dir='ltr'>arguerentur,</span> <span class='ocrx_word' id='word_1_132' title='bbox 1694 1418 1849 1473; x_wconf 89' lang='lat' dir='ltr'>paruit</span> 
     </span>
     <span class='ocr_line' id='line_1_22' title="bbox 363 1470 1847 1518; baseline 0.002 -4"><span class='ocrx_word' id='word_1_133' title='bbox 363 1476 519 1515; x_wconf 85' lang='lat' dir='ltr'>tamen</span> <span class='ocrx_word' id='word_1_134' title='bbox 550 1487 629 1515; x_wconf 88' lang='lat' dir='ltr'>rex</span> <span class='ocrx_word' id='word_1_135' title='bbox 662 1470 842 1516; x_wconf 88' lang='lat' dir='ltr'>eorum¹</span> <span class='ocrx_word' id='word_1_136' title='bbox 878 1474 1118 1516; x_wconf 86' lang='lat' dir='ltr'>sententiis</span> <span class='ocrx_word' id='word_1_137' title='bbox 1149 1475 1230 1515; x_wconf 79' lang='lat' dir='ltr'>innu</span> <span class='ocrx_word' id='word_1_138' title='bbox 1260 1475 1471 1516; x_wconf 87' lang='lat' dir='ltr'>omnibus</span> <span class='ocrx_word' id='word_1_139' title='bbox 1503 1475 1707 1517; x_wconf 90' lang='lat' dir='ltr'>locorum</span> <span class='ocrx_word' id='word_1_140' title='bbox 1737 1479 1847 1518; x_wconf 87' lang='lat' dir='ltr'>tem-</span> 
     </span>
     <span class='ocr_line' id='line_1_23' title="bbox 363 1533 873 1587; baseline 0 -14"><span class='ocrx_word' id='word_1_141' title='bbox 363 1546 614 1587; x_wconf 88' lang='lat' dir='ltr'>porumque</span> <span class='ocrx_word' id='word_1_142' title='bbox 647 1533 873 1587; x_wconf 88' lang='lat' dir='ltr'>angustia.</span> 
     </span>
    </p>
   </div>
   <div class='ocr_carea' id='block_1_7' title="bbox 361 1602 1911 2022">
    <p class='ocr_par' dir='ltr' id='par_1_7' title="bbox 361 1602 1911 1892">
     <span class='ocr_line' id='line_1_24' title="bbox 504 1602 1911 1659; baseline 0.002 -16"><span class='ocrx_word' id='word_1_143' title='bbox 504 1602 670 1643; x_wconf 89' lang='lat' dir='ltr'>XIIII.</span> <span class='ocrx_word' id='word_1_144' title='bbox 723 1603 784 1643; x_wconf 82' lang='lat' dir='ltr'>Et</span> <span class='ocrx_word' id='word_1_145' title='bbox 816 1617 916 1644; x_wconf 92' lang='lat' dir='ltr'>cum</span> <span class='ocrx_word' id='word_1_146' title='bbox 952 1606 1199 1658; x_wconf 85' lang='lat' dir='ltr'>apparatus</span> <span class='ocrx_word' id='word_1_147' title='bbox 1231 1604 1487 1658; x_wconf 83' lang='lat' dir='ltr'>paschalisn</span> <span class='ocrx_word' id='word_1_148' title='bbox 1518 1605 1639 1659; x_wconf 87' lang='lat' dir='ltr'>apud</span> <span class='ocrx_word' id='word_1_149' title='bbox 1664 1605 1849 1659; x_wconf 82' lang='lat' dir='ltr'>Aquas⁷</span> <span class='ocrx_word' id='word_1_150' title='bbox 1873 1620 1911 1646; x_wconf 82' lang='lat'>20</span> 
     </span>
     <span class='ocr_line' id='line_1_25' title="bbox 363 1661 1847 1718; baseline 0.002 -16"><span class='ocrx_word' id='word_1_151' title='bbox 363 1661 461 1703; x_wconf 90' lang='lat' dir='ltr'>fieri</span> <span class='ocrx_word' id='word_1_152' title='bbox 505 1663 755 1716; x_wconf 87' lang='lat' dir='ltr'>oporteret,</span> <span class='ocrx_word' id='word_1_153' title='bbox 801 1662 1039 1716; x_wconf 90' lang='lat' dir='ltr'>comperit,</span> <span class='ocrx_word' id='word_1_154' title='bbox 1083 1663 1191 1716; x_wconf 89' lang='lat' dir='ltr'>quia</span> <span class='ocrx_word' id='word_1_155' title='bbox 1233 1663 1377 1704; x_wconf 88' lang='lat' dir='ltr'>nichil</span> <span class='ocrx_word' id='word_1_156' title='bbox 1422 1663 1509 1705; x_wconf 91' lang='lat' dir='ltr'>sibi</span> <span class='ocrx_word' id='word_1_157' title='bbox 1552 1664 1742 1718; x_wconf 86' lang='lat' dir='ltr'>dignum</span> <span class='ocrx_word' id='word_1_158' title='bbox 1782 1663 1847 1705; x_wconf 92' lang='lat' dir='ltr'>ibi</span> 
     </span>
     <span class='ocr_line' id='line_1_26' title="bbox 362 1721 1848 1775; baseline 0.003 -15"><span class='ocrx_word' id='word_1_159' title='bbox 362 1722 574 1774; x_wconf 85' lang='lat' dir='ltr'>paratum</span> <span class='ocrx_word' id='word_1_160' title='bbox 621 1723 790 1771; x_wconf 90' lang='lat' dir='ltr'>esset⁰;</span> <span class='ocrx_word' id='word_1_161' title='bbox 839 1721 1057 1762; x_wconf 89' lang='lat' dir='ltr'>maternis</span> <span class='ocrx_word' id='word_1_162' title='bbox 1103 1721 1283 1775; x_wconf 88' lang='lat' dir='ltr'>gaudiis</span> <span class='ocrx_word' id='word_1_163' title='bbox 1330 1724 1376 1763; x_wconf 92' lang='lat' dir='ltr'>et</span> <span class='ocrx_word' id='word_1_164' title='bbox 1422 1722 1587 1764; x_wconf 81' lang='lat' dir='ltr'>officiis</span> <span class='ocrx_word' id='word_1_165' title='bbox 1633 1723 1848 1764; x_wconf 85' lang='lat' dir='ltr'>decenter</span> 
     </span>
     <span class='ocr_line' id='line_1_27' title="bbox 363 1780 1847 1835; baseline 0.002 -16"><span class='ocrx_word' id='word_1_166' title='bbox 363 1780 561 1829; x_wconf 85' lang='lat' dir='ltr'>curatur,</span> <span class='ocrx_word' id='word_1_167' title='bbox 594 1793 850 1834; x_wconf 85' lang='lat' dir='ltr'>regemque,</span> <span class='ocrx_word' id='word_1_168' title='bbox 885 1793 1020 1833; x_wconf 90' lang='lat' dir='ltr'>quem</span> <span class='ocrx_word' id='word_1_169' title='bbox 1056 1780 1104 1820; x_wconf 92' lang='lat' dir='ltr'>in</span> <span class='ocrx_word' id='word_1_170' title='bbox 1138 1780 1357 1822; x_wconf 55' lang='lat' dir='ltr'>Francia?</span> <span class='ocrx_word' id='word_1_171' title='bbox 1394 1794 1511 1835; x_wconf 89' lang='lat' dir='ltr'>pene</span> <span class='ocrx_word' id='word_1_172' title='bbox 1551 1781 1765 1835; x_wconf 88' lang='lat' dir='ltr'>perdidit,</span> <span class='ocrx_word' id='word_1_173' title='bbox 1798 1781 1847 1822; x_wconf 89' lang='lat' dir='ltr'>in</span> 
     </span>
     <span class='ocr_line' id='line_1_28' title="bbox 361 1837 1030 1892; baseline 0 -14"><span class='ocrx_word' id='word_1_174' title='bbox 361 1837 541 1891; x_wconf 66' lang='lat' dir='ltr'>patriass</span> <span class='ocrx_word' id='word_1_175' title='bbox 571 1838 812 1891; x_wconf 86' lang='lat' dir='ltr'>magnifice</span> <span class='ocrx_word' id='word_1_176' title='bbox 844 1838 1030 1892; x_wconf 88' lang='lat' dir='ltr'>recepit.</span> 
     </span>
    </p>

    <p class='ocr_par' dir='ltr' id='par_1_8' title="bbox 361 1908 1910 2022">
     <span class='ocr_line' id='line_1_29' title="bbox 504 1908 1910 1964; baseline 0 -15"><span class='ocrx_word' id='word_1_177' title='bbox 504 1908 664 1949; x_wconf 51' lang='lat' dir='ltr'>XVJV</span> <span class='ocrx_word' id='word_1_178' title='bbox 689 1908 807 1949; x_wconf 85' lang='lat' dir='ltr'>Nam</span> <span class='ocrx_word' id='word_1_179' title='bbox 850 1908 1136 1950; x_wconf 85' lang='lat' dir='ltr'>confortatus</span> <span class='ocrx_word' id='word_1_180' title='bbox 1178 1909 1425 1951; x_wconf 86' lang='lat' dir='ltr'>amicorum</span> <span class='ocrx_word' id='word_1_181' title='bbox 1467 1910 1707 1964; x_wconf 89' lang='lat' dir='ltr'>gentisque</span> <span class='ocrx_word' id='word_1_182' title='bbox 1751 1923 1847 1964; x_wconf 90' lang='lat' dir='ltr'>pro·</span> <span class='ocrx_word' id='word_1_183' title='bbox 1872 1924 1910 1949; x_wconf 67' lang='grc' dir='ltr'>ετ,</span> 
     </span>
     <span class='ocr_line' id='line_1_30' title="bbox 361 1967 1847 2022; baseline 0 -13"><span class='ocrx_word' id='word_1_184' title='bbox 361 1969 486 2022; x_wconf 88' lang='lat' dir='ltr'>priae</span> <span class='ocrx_word' id='word_1_185' title='bbox 527 1967 757 2021; x_wconf 88' lang='lat' dir='ltr'>presentia</span> <span class='ocrx_word' id='word_1_186' title='bbox 802 1967 1012 2008; x_wconf 82' lang='lat' dir='ltr'>irritumr</span> <span class='ocrx_word' id='word_1_187' title='bbox 1057 1967 1195 2008; x_wconf 81' lang='lat' dir='ltr'>fecit⁸</span> <span class='ocrx_word' id='word_1_188' title='bbox 1243 1970 1447 2022; x_wconf 84' lang='lat' dir='ltr'>pactum,</span> <span class='ocrx_word' id='word_1_189' title='bbox 1497 1969 1619 2022; x_wconf 89' lang='lat' dir='ltr'>quod</span> <span class='ocrx_word' id='word_1_190' title='bbox 1663 1970 1847 2010; x_wconf 89' lang='lat' dir='ltr'>coactus</span> 
     </span>
    </p>
   </div>
   <div class='ocr_carea' id='block_1_8' title="bbox 359 2092 1911 2337">
    <p class='ocr_par' dir='ltr' id='par_1_9' title="bbox 359 2092 1911 2337">
     <span class='ocr_line' id='line_1_31' title="bbox 360 2092 1847 2126; baseline 0.001 -7"><span class='ocrx_word' id='word_1_191' title='bbox 360 2095 388 2124; x_wconf 86' lang='lat' dir='ltr'>a)</span> <span class='ocrx_word' id='word_1_192' title='bbox 416 2093 493 2119; x_wconf 76' lang='lat' dir='ltr'>brun</span> <span class='ocrx_word' id='word_1_193' title='bbox 522 2094 559 2125; x_wconf 83' lang='lat' dir='ltr'>C,·</span> <span class='ocrx_word' id='word_1_194' title='bbox 588 2093 687 2118; x_wconf 89' lang='lat' dir='ltr'>Bruno</span> <span class='ocrx_word' id='word_1_195' title='bbox 716 2093 742 2117; x_wconf 89' lang='lat' dir='ltr'><strong><em>B</em></strong></span> <span class='ocrx_word' id='word_1_196' title='bbox 757 2094 784 2120; x_wconf 84' lang='lat'>2.</span> <span class='ocrx_word' id='word_1_197' title='bbox 893 2093 923 2124; x_wconf 90' lang='lat' dir='ltr'>b)</span> <span class='ocrx_word' id='word_1_198' title='bbox 951 2092 1022 2119; x_wconf 74' lang='lat' dir='ltr'>Otto</span> <span class='ocrx_word' id='word_1_199' title='bbox 1051 2093 1118 2120; x_wconf 83' lang='lat' dir='ltr'>add.</span> <span class='ocrx_word' id='word_1_200' title='bbox 1146 2093 1213 2118; x_wconf 83' lang='lat' dir='ltr'>B2.</span> <span class='ocrx_word' id='word_1_201' title='bbox 1323 2092 1350 2126; x_wconf 84' lang='lat' dir='ltr'>c)</span> <span class='ocrx_word' id='word_1_202' title='bbox 1375 2093 1524 2119; x_wconf 86' lang='lat' dir='ltr'>dominum</span> <span class='ocrx_word' id='word_1_203' title='bbox 1549 2097 1617 2126; x_wconf 82' lang='lat' dir='ltr'>post</span> <span class='ocrx_word' id='word_1_204' title='bbox 1640 2097 1756 2126; x_wconf 80' lang='lat' dir='ltr'>patrem</span> <span class='ocrx_word' id='word_1_205' title='bbox 1781 2093 1807 2119; x_wconf 88' lang='lat' dir='ltr'><strong><em>B</em></strong></span> <span class='ocrx_word' id='word_1_206' title='bbox 1823 2095 1847 2121; x_wconf 95' lang='lat'>1.</span> 
     </span>
     <span class='ocr_line' id='line_1_32' title="bbox 361 2128 1847 2164; baseline 0 -10"><span class='ocrx_word' id='word_1_207' title='bbox 361 2128 392 2158; x_wconf 84' lang='lat' dir='ltr'>d)</span> <span class='ocrx_word' id='word_1_208' title='bbox 411 2129 488 2154; x_wconf 76' lang='lat' dir='ltr'>Filia</span> <span class='ocrx_word' id='word_1_209' title='bbox 507 2129 541 2156; x_wconf 75' lang='lat' dir='ltr'>A.</span> <span class='ocrx_word' id='word_1_210' title='bbox 615 2130 643 2159; x_wconf 84' lang='lat' dir='ltr'>e)</span> <span class='ocrx_word' id='word_1_211' title='bbox 662 2129 806 2153; x_wconf 84' lang='lat' dir='ltr'>uocabulo</span> <span class='ocrx_word' id='word_1_212' title='bbox 827 2129 891 2154; x_wconf 84' lang='lat' dir='ltr'>eius</span> <span class='ocrx_word' id='word_1_213' title='bbox 909 2128 1000 2159; x_wconf 70' lang='lat' dir='ltr'>siquis</span> <span class='ocrx_word' id='word_1_214' title='bbox 1018 2129 1222 2159; x_wconf 58' lang='lat' dir='ltr'>super-scrupus</span> <span class='ocrx_word' id='word_1_215' title='bbox 1240 2136 1314 2154; x_wconf 84' lang='lat' dir='ltr'>corr.</span> <span class='ocrx_word' id='word_1_216' title='bbox 1334 2129 1397 2154; x_wconf 84' lang='lat' dir='ltr'>eius</span> <span class='ocrx_word' id='word_1_217' title='bbox 1416 2129 1521 2157; x_wconf 76' lang='lat' dir='ltr'>uocab.</span> <span class='ocrx_word' id='word_1_218' title='bbox 1542 2130 1576 2157; x_wconf 80' lang='grc' dir='ltr'>Α.</span> <span class='ocrx_word' id='word_1_219' title='bbox 1649 2128 1673 2164; x_wconf 84' lang='lat' dir='ltr'>f)</span> <span class='ocrx_word' id='word_1_220' title='bbox 1696 2129 1847 2154; x_wconf 67' lang='lat' dir='ltr'>ualeamus</span> 
     </span>
     <span class='ocr_line' id='line_1_33' title="bbox 360 2162 1848 2196; baseline 0.001 -7"><span class='ocrx_word' id='word_1_221' title='bbox 360 2165 386 2189; x_wconf 93' lang='lat' dir='ltr'><em>B</em></span> <span class='ocrx_word' id='word_1_222' title='bbox 399 2165 425 2191; x_wconf 85' lang='lat'>2.</span> <span class='ocrx_word' id='word_1_223' title='bbox 496 2164 528 2196; x_wconf 84' lang='lat' dir='ltr'>g)</span> <span class='ocrx_word' id='word_1_224' title='bbox 552 2164 741 2189; x_wconf 83' lang='lat' dir='ltr'>ministrabat</span> <span class='ocrx_word' id='word_1_225' title='bbox 760 2164 786 2188; x_wconf 91' lang='lat' dir='ltr'><em>B</em></span> <span class='ocrx_word' id='word_1_226' title='bbox 797 2165 823 2188; x_wconf 84' lang='lat'>1.</span> <span class='ocrx_word' id='word_1_227' title='bbox 896 2162 927 2196; x_wconf 93' lang='lat' dir='ltr'>h)</span> <span class='ocrx_word' id='word_1_228' title='bbox 952 2162 1161 2189; x_wconf 80' lang='lat' dir='ltr'>animaduerso</span> <span class='ocrx_word' id='word_1_229' title='bbox 1180 2164 1282 2195; x_wconf 75' lang='lat' dir='ltr'>prima</span> <span class='ocrx_word' id='word_1_230' title='bbox 1307 2171 1396 2188; x_wconf 81' lang='lat' dir='ltr'>manu</span> <span class='ocrx_word' id='word_1_231' title='bbox 1414 2171 1490 2192; x_wconf 82' lang='lat' dir='ltr'>corr.</span> <span class='ocrx_word' id='word_1_232' title='bbox 1507 2163 1715 2190; x_wconf 78' lang='lat' dir='ltr'>animaduersa</span> <span class='ocrx_word' id='word_1_233' title='bbox 1732 2165 1759 2190; x_wconf 90' lang='lat' dir='ltr'><strong><em>B</em></strong></span> <span class='ocrx_word' id='word_1_234' title='bbox 1770 2165 1795 2192; x_wconf 86' lang='lat'>1.</span> <span class='ocrx_word' id='word_1_235' title='bbox 1812 2178 1848 2183; x_wconf 94' lang='lat'><strong>—</strong></span> 
     </span>
     <span class='ocr_line' id='line_1_34' title="bbox 359 2197 1911 2232; baseline 0.001 -8"><span class='ocrx_word' id='word_1_236' title='bbox 359 2200 566 2224; x_wconf 76' lang='lat' dir='ltr'>distinctionem</span> <span class='ocrx_word' id='word_1_237' title='bbox 595 2206 650 2227; x_wconf 87' lang='lat' dir='ltr'>om.</span> <span class='ocrx_word' id='word_1_238' title='bbox 669 2200 704 2226; x_wconf 74' lang='lat' dir='ltr'>A.</span> <span class='ocrx_word' id='word_1_239' title='bbox 789 2200 809 2230; x_wconf 92' lang='lat' dir='ltr'>i)</span> <span class='ocrx_word' id='word_1_240' title='bbox 833 2197 986 2230; x_wconf 78' lang='lat' dir='ltr'>pugnandi</span> <span class='ocrx_word' id='word_1_241' title='bbox 1010 2199 1073 2225; x_wconf 87' lang='lat' dir='ltr'>Bl.</span> <span class='ocrx_word' id='word_1_242' title='bbox 1156 2198 1188 2232; x_wconf 82' lang='lat' dir='ltr'>k)</span> <span class='ocrx_word' id='word_1_243' title='bbox 1212 2199 1364 2230; x_wconf 84' lang='lat' dir='ltr'>petierunt</span> <span class='ocrx_word' id='word_1_244' title='bbox 1388 2200 1453 2227; x_wconf 84' lang='lat' dir='ltr'>B2.</span> <span class='ocrx_word' id='word_1_245' title='bbox 1537 2200 1559 2232; x_wconf 91' lang='lat' dir='ltr'>l)</span> <span class='ocrx_word' id='word_1_246' title='bbox 1585 2207 1686 2225; x_wconf 84' lang='lat' dir='ltr'>eorum</span> <span class='ocrx_word' id='word_1_247' title='bbox 1712 2207 1770 2227; x_wconf 88' lang='lat' dir='ltr'>om.</span> <span class='ocrx_word' id='word_1_248' title='bbox 1785 2199 1846 2225; x_wconf 83' lang='lat' dir='ltr'>B1.</span> <span class='ocrx_word' id='word_1_249' title='bbox 1872 2202 1911 2227; x_wconf 79' lang='lat'>30</span> 
     </span>
     <span class='ocr_line' id='line_1_35' title="bbox 360 2234 1847 2269; baseline 0 -10"><span class='ocrx_word' id='word_1_250' title='bbox 360 2235 401 2269; x_wconf 88' lang='lat' dir='ltr'>m)</span> <span class='ocrx_word' id='word_1_251' title='bbox 421 2235 452 2259; x_wconf 88' lang='lat' dir='ltr'>in</span> <span class='ocrx_word' id='word_1_252' title='bbox 472 2235 608 2260; x_wconf 85' lang='lat' dir='ltr'>omnibus</span> <span class='ocrx_word' id='word_1_253' title='bbox 630 2241 684 2261; x_wconf 87' lang='lat' dir='ltr'>om.</span> <span class='ocrx_word' id='word_1_254' title='bbox 703 2235 734 2260; x_wconf 82' lang='lat' dir='ltr'>C.</span> <span class='ocrx_word' id='word_1_255' title='bbox 808 2235 839 2265; x_wconf 86' lang='lat' dir='ltr'>n)</span> <span class='ocrx_word' id='word_1_256' title='bbox 858 2234 1006 2266; x_wconf 78' lang='lat' dir='ltr'>paschalis</span> <span class='ocrx_word' id='word_1_257' title='bbox 1027 2241 1082 2261; x_wconf 89' lang='lat' dir='ltr'>om.</span> <span class='ocrx_word' id='word_1_258' title='bbox 1102 2234 1165 2260; x_wconf 88' lang='lat' dir='ltr'>Bl.</span> <span class='ocrx_word' id='word_1_259' title='bbox 1245 2234 1274 2267; x_wconf 91' lang='lat' dir='ltr'>o)</span> <span class='ocrx_word' id='word_1_260' title='bbox 1294 2241 1358 2260; x_wconf 82' lang='lat' dir='ltr'>esse</span> <span class='ocrx_word' id='word_1_261' title='bbox 1377 2235 1435 2266; x_wconf 55' lang='grc' dir='ltr'>(ὦ)</span> <span class='ocrx_word' id='word_1_262' title='bbox 1454 2236 1498 2266; x_wconf 79' lang='grc' dir='ltr'>Δ,·</span> <span class='ocrx_word' id='word_1_263' title='bbox 1517 2238 1595 2261; x_wconf 82' lang='lat' dir='ltr'>esset</span> <span class='ocrx_word' id='word_1_264' title='bbox 1613 2237 1708 2267; x_wconf 75' lang='lat' dir='ltr'>parat.</span> <span class='ocrx_word' id='word_1_265' title='bbox 1727 2235 1754 2259; x_wconf 87' lang='lat' dir='ltr'><em>B</em></span> <span class='ocrx_word' id='word_1_266' title='bbox 1766 2235 1792 2260; x_wconf 90' lang='lat'>1.</span> <span class='ocrx_word' id='word_1_267' title='bbox 1812 2248 1847 2252; x_wconf 97' lang='lat'><strong>—</strong></span> 
     </span>
     <span class='ocr_line' id='line_1_36' title="bbox 360 2269 1846 2302; baseline 0 -8"><span class='ocrx_word' id='word_1_268' title='bbox 360 2271 457 2300; x_wconf 82' lang='lat' dir='ltr'>Quare</span> <span class='ocrx_word' id='word_1_269' title='bbox 477 2277 543 2295; x_wconf 87' lang='lat' dir='ltr'>cum</span> <span class='ocrx_word' id='word_1_270' title='bbox 562 2269 592 2294; x_wconf 89' lang='lat' dir='ltr'>in</span> <span class='ocrx_word' id='word_1_271' title='bbox 606 2269 764 2295; x_wconf 82' lang='lat' dir='ltr'>Saxoniam</span> <span class='ocrx_word' id='word_1_272' title='bbox 783 2270 966 2301; x_wconf 80' lang='lat' dir='ltr'>perrexisset</span> <span class='ocrx_word' id='word_1_273' title='bbox 986 2270 1054 2296; x_wconf 78' lang='lat' dir='ltr'>add.</span> <span class='ocrx_word' id='word_1_274' title='bbox 1069 2269 1193 2296; x_wconf 78' lang='lat' dir='ltr'>Reinecc.</span> <span class='ocrx_word' id='word_1_275' title='bbox 1206 2277 1239 2300; x_wconf 79' lang='lat' dir='ltr'>p,</span> <span class='ocrx_word' id='word_1_276' title='bbox 1254 2270 1288 2295; x_wconf 85' lang='grc'>27</span> <span class='ocrx_word' id='word_1_277' title='bbox 1302 2279 1336 2291; x_wconf 91' lang='lat'><strong><em>=</em></strong></span> <span class='ocrx_word' id='word_1_278' title='bbox 1349 2270 1433 2296; x_wconf 79' lang='lat' dir='ltr'>Meib.</span> <span class='ocrx_word' id='word_1_279' title='bbox 1445 2277 1479 2301; x_wconf 75' lang='lat' dir='ltr'>p.</span> <span class='ocrx_word' id='word_1_280' title='bbox 1494 2270 1528 2295; x_wconf 81' lang='lat'>25</span> <span class='ocrx_word' id='word_1_281' title='bbox 1546 2270 1636 2302; x_wconf 81' lang='lat'>(652).</span> <span class='ocrx_word' id='word_1_282' title='bbox 1707 2271 1739 2301; x_wconf 85' lang='lat' dir='ltr'>p)</span> <span class='ocrx_word' id='word_1_283' title='bbox 1758 2276 1846 2300; x_wconf 89' lang='lat' dir='ltr'>quem</span> 
     </span>
     <span class='ocr_line' id='line_1_37' title="bbox 360 2303 1845 2337; baseline 0 -8"><span class='ocrx_word' id='word_1_284' title='bbox 360 2305 486 2330; x_wconf 79' lang='lat' dir='ltr'>infantia</span> <span class='ocrx_word' id='word_1_285' title='bbox 506 2305 568 2330; x_wconf 74' lang='lat' dir='ltr'>Bi.</span> <span class='ocrx_word' id='word_1_286' title='bbox 625 2304 655 2336; x_wconf 86' lang='lat' dir='ltr'>q)</span> <span class='ocrx_word' id='word_1_287' title='bbox 675 2305 758 2329; x_wconf 81' lang='lat' dir='ltr'>verbo</span> <span class='ocrx_word' id='word_1_288' title='bbox 777 2303 975 2335; x_wconf 82' lang='lat' dir='ltr'>Edictumque</span> <span class='ocrx_word' id='word_1_289' title='bbox 994 2305 1093 2335; x_wconf 78' lang='lat' dir='ltr'>incipit</span> <span class='ocrx_word' id='word_1_290' title='bbox 1113 2305 1163 2329; x_wconf 81' lang='lat' dir='ltr'>hoc</span> <span class='ocrx_word' id='word_1_291' title='bbox 1182 2307 1266 2335; x_wconf 80' lang='lat' dir='ltr'>caput</span> <span class='ocrx_word' id='word_1_292' title='bbox 1286 2305 1316 2331; x_wconf 81' lang='grc' dir='ltr'>Ο.</span> <span class='ocrx_word' id='word_1_293' title='bbox 1377 2304 1402 2337; x_wconf 87' lang='lat' dir='ltr'>r)</span> <span class='ocrx_word' id='word_1_294' title='bbox 1422 2305 1540 2330; x_wconf 84' lang='lat' dir='ltr'>initium</span> <span class='ocrx_word' id='word_1_295' title='bbox 1559 2306 1590 2330; x_wconf 81' lang='lat' dir='ltr'>C.</span> <span class='ocrx_word' id='word_1_296' title='bbox 1650 2303 1676 2337; x_wconf 86' lang='lat' dir='ltr'>s)</span> <span class='ocrx_word' id='word_1_297' title='bbox 1693 2305 1764 2330; x_wconf 77' lang='lat' dir='ltr'>facit</span> <span class='ocrx_word' id='word_1_298' title='bbox 1782 2304 1845 2332; x_wconf 78' lang='lat'>131.</span> 
     </span>
    </p>
   </div>
   <div class='ocr_carea' id='block_1_9' title="bbox 352 2409 1908 2734">
    <p class='ocr_par' dir='ltr' id='par_1_10' title="bbox 352 2409 1908 2734">
     <span class='ocr_line' id='line_1_38' title="bbox 361 2409 1846 2452; baseline 0.001 -10"><span class='ocrx_word' id='word_1_299' title='bbox 361 2410 395 2452; x_wconf 92' lang='grc'>1)</span> <span class='ocrx_word' id='word_1_300' title='bbox 436 2409 511 2450; x_wconf 80' lang='lat' dir='ltr'>Quo</span> <span class='ocrx_word' id='word_1_301' title='bbox 545 2419 641 2442; x_wconf 78' lang='lat' dir='ltr'>anno</span> <span class='ocrx_word' id='word_1_302' title='bbox 669 2413 776 2442; x_wconf 78' lang='lat' dir='ltr'>natus</span> <span class='ocrx_word' id='word_1_303' title='bbox 809 2413 838 2442; x_wconf 82' lang='lat' dir='ltr'>et</span> <span class='ocrx_word' id='word_1_304' title='bbox 872 2412 1033 2442; x_wconf 81' lang='lat' dir='ltr'>mortuus</span> <span class='ocrx_word' id='word_1_305' title='bbox 1068 2410 1125 2450; x_wconf 78' lang='lat' dir='ltr'>sit,</span> <span class='ocrx_word' id='word_1_306' title='bbox 1162 2419 1234 2442; x_wconf 77' lang='lat' dir='ltr'>non</span> <span class='ocrx_word' id='word_1_307' title='bbox 1272 2409 1379 2452; x_wconf 78' lang='lat' dir='ltr'>liquet</span> <span class='ocrx_word' id='word_1_308' title='bbox 1389 2420 1405 2450; x_wconf 91' lang='grc'>,·</span> <span class='ocrx_word' id='word_1_309' title='bbox 1442 2420 1474 2444; x_wconf 88' lang='grc' dir='ltr'>α.</span> <span class='ocrx_word' id='word_1_310' title='bbox 1509 2411 1589 2448; x_wconf 84' lang='grc'>953,</span> <span class='ocrx_word' id='word_1_311' title='bbox 1627 2414 1744 2443; x_wconf 80' lang='lat' dir='ltr'>tamen</span> <span class='ocrx_word' id='word_1_312' title='bbox 1777 2410 1846 2452; x_wconf 74' lang='lat' dir='ltr'><em>filii</em></span> 
     </span>
     <span class='ocr_line' id='line_1_39' title="bbox 358 2455 1908 2500; baseline 0.002 -11"><span class='ocrx_word' id='word_1_313' title='bbox 358 2457 485 2490; x_wconf 80' lang='lat' dir='ltr'>mentio</span> <span class='ocrx_word' id='word_1_314' title='bbox 509 2457 549 2498; x_wconf 84' lang='lat' dir='ltr'>fit</span> <span class='ocrx_word' id='word_1_315' title='bbox 574 2456 693 2498; x_wconf 78' lang='lat' dir='ltr'><em>(Flod.</em></span> <span class='ocrx_word' id='word_1_316' title='bbox 718 2456 754 2489; x_wconf 79' lang='lat' dir='ltr'>h.</span> <span class='ocrx_word' id='word_1_317' title='bbox 779 2457 841 2495; x_wconf 88' lang='lat' dir='ltr'>a.).</span> <span class='ocrx_word' id='word_1_318' title='bbox 893 2455 996 2489; x_wconf 84' lang='lat' dir='ltr'>Diem</span> <span class='ocrx_word' id='word_1_319' title='bbox 1025 2457 1152 2489; x_wconf 75' lang='lat' dir='ltr'>mortis</span> <span class='ocrx_word' id='word_1_320' title='bbox 1176 2457 1208 2491; x_wconf 88' lang='grc'>7.</span> <span class='ocrx_word' id='word_1_321' title='bbox 1234 2456 1376 2499; x_wconf 81' lang='lat' dir='ltr'>Aprilis</span> <span class='ocrx_word' id='word_1_322' title='bbox 1400 2457 1535 2491; x_wconf 83' lang='lat' dir='ltr'>Necrol.</span> <span class='ocrx_word' id='word_1_323' title='bbox 1561 2456 1846 2500; x_wconf 72' lang='lat' dir='ltr'>Merseburqense</span> <span class='ocrx_word' id='word_1_324' title='bbox 1870 2467 1908 2492; x_wconf 76' lang='lat'>35</span> 
     </span>
     <span class='ocr_line' id='line_1_40' title="bbox 358 2502 1843 2547; baseline 0.001 -11"><span class='ocrx_word' id='word_1_325' title='bbox 358 2504 526 2537; x_wconf 78' lang='lat' dir='ltr'>indicavit</span> <span class='ocrx_word' id='word_1_326' title='bbox 536 2514 552 2544; x_wconf 89' lang='lat'>,·</span> <span class='ocrx_word' id='word_1_327' title='bbox 574 2503 682 2537; x_wconf 78' lang='lat' dir='ltr'>‘Neue</span> <span class='ocrx_word' id='word_1_328' title='bbox 698 2503 743 2535; x_wconf 90' lang='lat' dir='ltr'><em>M</em></span> <span class='ocrx_word' id='word_1_329' title='bbox 741 2503 828 2538; x_wconf 65' lang='lat' dir='ltr'><em>itthl</em></span> <span class='ocrx_word' id='word_1_330' title='bbox 846 2503 915 2544; x_wconf 89' lang='lat' dir='ltr'>XI,</span> <span class='ocrx_word' id='word_1_331' title='bbox 936 2514 974 2546; x_wconf 77' lang='lat' dir='ltr'>p.</span> <span class='ocrx_word' id='word_1_332' title='bbox 993 2504 1072 2537; x_wconf 88' lang='lat'>232.</span> <span class='ocrx_word' id='word_1_333' title='bbox 1170 2502 1206 2547; x_wconf 89' lang='lat'>2)</span> <span class='ocrx_word' id='word_1_334' title='bbox 1230 2503 1335 2536; x_wconf 79' lang='lat' dir='ltr'>Brun</span> <span class='ocrx_word' id='word_1_335' title='bbox 1352 2504 1531 2546; x_wconf 75' lang='lat' dir='ltr'>parvulus</span> <span class='ocrx_word' id='word_1_336' title='bbox 1547 2504 1634 2537; x_wconf 78' lang='lat' dir='ltr'><em>obiit</em></span> <span class='ocrx_word' id='word_1_337' title='bbox 1649 2504 1683 2538; x_wconf 84' lang='lat' dir='ltr'>d.</span> <span class='ocrx_word' id='word_1_338' title='bbox 1700 2506 1734 2540; x_wconf 90' lang='grc'>8.</span> <span class='ocrx_word' id='word_1_339' title='bbox 1752 2504 1843 2547; x_wconf 79' lang='lat' dir='ltr'>Sept.</span> 
     </span>
     <span class='ocr_line' id='line_1_41' title="bbox 358 2549 1846 2593; baseline 0.001 -10"><span class='ocrx_word' id='word_1_340' title='bbox 358 2562 392 2586; x_wconf 84' lang='lat' dir='ltr'>a.</span> <span class='ocrx_word' id='word_1_341' title='bbox 415 2552 500 2593; x_wconf 77' lang='lat'>9573</span> <span class='ocrx_word' id='word_1_342' title='bbox 526 2551 663 2584; x_wconf 76' lang='lat' dir='ltr'>Necroz.</span> <span class='ocrx_word' id='word_1_343' title='bbox 689 2550 807 2592; x_wconf 67' lang='lat' dir='ltr'><em>Fuld„</em></span> <span class='ocrx_word' id='word_1_344' title='bbox 835 2550 898 2583; x_wconf 85' lang='lat' dir='ltr'>SS.</span> <span class='ocrx_word' id='word_1_345' title='bbox 924 2549 1035 2590; x_wconf 89' lang='lat' dir='ltr'>XIII,</span> <span class='ocrx_word' id='word_1_346' title='bbox 1055 2560 1094 2592; x_wconf 78' lang='lat' dir='ltr'>p.</span> <span class='ocrx_word' id='word_1_347' title='bbox 1119 2551 1196 2585; x_wconf 85' lang='lat'>198.</span> <span class='ocrx_word' id='word_1_348' title='bbox 1298 2550 1332 2593; x_wconf 85' lang='lat'>3)</span> <span class='ocrx_word' id='word_1_349' title='bbox 1359 2549 1435 2583; x_wconf 82' lang='lat' dir='ltr'>Otto</span> <span class='ocrx_word' id='word_1_350' title='bbox 1460 2551 1558 2592; x_wconf 79' lang='lat' dir='ltr'>filius</span> <span class='ocrx_word' id='word_1_351' title='bbox 1581 2555 1688 2585; x_wconf 78' lang='lat' dir='ltr'>natus</span> <span class='ocrx_word' id='word_1_352' title='bbox 1711 2551 1846 2584; x_wconf 77' lang='lat' dir='ltr'>dicitur</span> 
     </span>
     <span class='ocr_line' id='line_1_42' title="bbox 359 2597 1844 2641; baseline 0.002 -11"><span class='ocrx_word' id='word_1_353' title='bbox 359 2608 392 2635; x_wconf 84' lang='lat' dir='ltr'>a,</span> <span class='ocrx_word' id='word_1_354' title='bbox 411 2599 491 2641; x_wconf 82' lang='lat'>955,</span> <span class='ocrx_word' id='word_1_355' title='bbox 521 2598 617 2632; x_wconf 75' lang='lat' dir='ltr'>Cont.</span> <span class='ocrx_word' id='word_1_356' title='bbox 640 2597 767 2640; x_wconf 73' lang='lat' dir='ltr'>Reyin.</span> <span class='ocrx_word' id='word_1_357' title='bbox 792 2598 837 2632; x_wconf 84' lang='lat' dir='ltr'>A.</span> <span class='ocrx_word' id='word_1_358' title='bbox 856 2598 934 2632; x_wconf 80' lang='lat'>954.</span> <span class='ocrx_word' id='word_1_359' title='bbox 955 2597 1234 2640; x_wconf 61' lang='lat' dir='ltr'>praeferendum</span> <span class='ocrx_word' id='word_1_360' title='bbox 1258 2607 1327 2630; x_wconf 81' lang='lat' dir='ltr'>esse</span> <span class='ocrx_word' id='word_1_361' title='bbox 1353 2599 1486 2631; x_wconf 76' lang='lat' dir='ltr'>censuit</span> <span class='ocrx_word' id='word_1_362' title='bbox 1504 2598 1688 2631; x_wconf 69' lang='lat' dir='ltr'>Diimmler</span> <span class='ocrx_word' id='word_1_363' title='bbox 1705 2609 1742 2641; x_wconf 83' lang='lat' dir='ltr'>p.</span> <span class='ocrx_word' id='word_1_364' title='bbox 1762 2599 1844 2640; x_wconf 87' lang='grc'>292,</span> 
     </span>
     <span class='ocr_line' id='line_1_43' title="bbox 358 2643 1843 2688; baseline 0.001 -11"><span class='ocrx_word' id='word_1_365' title='bbox 358 2655 392 2679; x_wconf 81' lang='lat' dir='ltr'>n.</span> <span class='ocrx_word' id='word_1_366' title='bbox 415 2647 449 2686; x_wconf 85' lang='lat'>2,</span> <span class='ocrx_word' id='word_1_367' title='bbox 475 2645 520 2686; x_wconf 80' lang='lat' dir='ltr'>cf.</span> <span class='ocrx_word' id='word_1_368' title='bbox 545 2645 629 2687; x_wconf 72' lang='lat' dir='ltr'>Rey.</span> <span class='ocrx_word' id='word_1_369' title='bbox 655 2644 745 2688; x_wconf 78' lang='lat' dir='ltr'>Imp.</span> <span class='ocrx_word' id='word_1_370' title='bbox 771 2644 824 2686; x_wconf 89' lang='grc' dir='ltr'>Π,</span> <span class='ocrx_word' id='word_1_371' title='bbox 849 2654 906 2678; x_wconf 77' lang='lat' dir='ltr'>nr.</span> <span class='ocrx_word' id='word_1_372' title='bbox 930 2643 1055 2684; x_wconf 85' lang='lat' dir='ltr'><strong><em>239b;</em></strong></span> <span class='ocrx_word' id='word_1_373' title='bbox 1080 2644 1171 2686; x_wconf 80' lang='lat' dir='ltr'>quod</span> <span class='ocrx_word' id='word_1_374' title='bbox 1195 2654 1310 2687; x_wconf 80' lang='lat' dir='ltr'>nuper</span> <span class='ocrx_word' id='word_1_375' title='bbox 1334 2644 1474 2686; x_wconf 77' lang='lat' dir='ltr'>Uhlirz,</span> <span class='ocrx_word' id='word_1_376' title='bbox 1499 2644 1643 2679; x_wconf 64' lang='lat' dir='ltr'>Uahrb.</span> <span class='ocrx_word' id='word_1_377' title='bbox 1667 2644 1763 2678; x_wconf 73' lang='lat' dir='ltr'>Ottos</span> <span class='ocrx_word' id='word_1_378' title='bbox 1779 2644 1843 2679; x_wconf 90' lang='lat' dir='ltr'>II.&#39;</span> 
     </span>
     <span class='ocr_line' id='line_1_44' title="bbox 352 2690 1908 2734; baseline -0.001 -7"><span class='ocrx_word' id='word_1_379' title='bbox 352 2702 391 2734; x_wconf 80' lang='lat' dir='ltr'>p.</span> <span class='ocrx_word' id='word_1_380' title='bbox 417 2694 448 2734; x_wconf 89' lang='lat'>1,</span> <span class='ocrx_word' id='word_1_381' title='bbox 476 2703 510 2726; x_wconf 83' lang='lat' dir='ltr'>n.</span> <span class='ocrx_word' id='word_1_382' title='bbox 535 2693 567 2734; x_wconf 85' lang='lat'>2,</span> <span class='ocrx_word' id='word_1_383' title='bbox 594 2692 774 2732; x_wconf 76' lang='lat' dir='ltr'>refutavit.</span> <span class='ocrx_word' id='word_1_384' title='bbox 871 2691 907 2734; x_wconf 91' lang='lat'>4)</span> <span class='ocrx_word' id='word_1_385' title='bbox 930 2690 1171 2733; x_wconf 77' lang='lat' dir='ltr'>Mahthildim,</span> <span class='ocrx_word' id='word_1_386' title='bbox 1198 2701 1304 2734; x_wconf 80' lang='lat' dir='ltr'>quam</span> <span class='ocrx_word' id='word_1_387' title='bbox 1329 2692 1424 2726; x_wconf 79' lang='lat' dir='ltr'>Ann.</span> <span class='ocrx_word' id='word_1_388' title='bbox 1453 2690 1570 2731; x_wconf 82' lang='lat' dir='ltr'>Quedl.</span> <span class='ocrx_word' id='word_1_389' title='bbox 1597 2692 1678 2724; x_wconf 81' lang='lat' dir='ltr'>item</span> <span class='ocrx_word' id='word_1_390' title='bbox 1703 2701 1736 2725; x_wconf 86' lang='lat' dir='ltr'>a.</span> <span class='ocrx_word' id='word_1_391' title='bbox 1761 2691 1841 2726; x_wconf 90' lang='lat'>955.</span> <span class='ocrx_word' id='word_1_392' title='bbox 1867 2701 1908 2725; x_wconf 75' lang='grc' dir='ltr'>4ο</span> 
     </span>
    </p>
   </div>
   <div class='ocr_carea' id='block_1_10' title="bbox 357 2736 1844 2875">
    <p class='ocr_par' dir='ltr' id='par_1_11' title="bbox 357 2736 1844 2875">
     <span class='ocr_line' id='line_1_45' title="bbox 357 2736 1844 2780; baseline 0 -9"><span class='ocrx_word' id='word_1_393' title='bbox 357 2742 480 2772; x_wconf 78' lang='lat' dir='ltr'>natam</span> <span class='ocrx_word' id='word_1_394' title='bbox 514 2749 584 2772; x_wconf 77' lang='lat' dir='ltr'>esse</span> <span class='ocrx_word' id='word_1_395' title='bbox 617 2739 777 2773; x_wconf 78' lang='lat' dir='ltr'>tradunt.</span> <span class='ocrx_word' id='word_1_396' title='bbox 898 2738 934 2780; x_wconf 87' lang='lat'>5)</span> <span class='ocrx_word' id='word_1_397' title='bbox 973 2737 1134 2771; x_wconf 80' lang='lat' dir='ltr'>Conrado</span> <span class='ocrx_word' id='word_1_398' title='bbox 1168 2738 1251 2771; x_wconf 81' lang='lat' dir='ltr'>duce</span> <span class='ocrx_word' id='word_1_399' title='bbox 1285 2737 1558 2780; x_wconf 72' lang='lat' dir='ltr'>Lotharinqiae,</span> <span class='ocrx_word' id='word_1_400' title='bbox 1592 2747 1662 2771; x_wconf 80' lang='lat' dir='ltr'>non</span> <span class='ocrx_word' id='word_1_401' title='bbox 1694 2736 1844 2780; x_wconf 74' lang='lat' dir='ltr'>Huyone</span> 
     </span>
     <span class='ocr_line' id='line_1_46' title="bbox 358 2784 1842 2828; baseline 0.001 -11"><span class='ocrx_word' id='word_1_402' title='bbox 358 2785 537 2828; x_wconf 66' lang='lat' dir='ltr'>(Mamm),</span> <span class='ocrx_word' id='word_1_403' title='bbox 562 2796 662 2828; x_wconf 78' lang='lat' dir='ltr'>quem</span> <span class='ocrx_word' id='word_1_404' title='bbox 690 2785 881 2820; x_wconf 79' lang='lat' dir='ltr'>Thietmar.</span> <span class='ocrx_word' id='word_1_405' title='bbox 908 2785 960 2826; x_wconf 85' lang='lat' dir='ltr'>II,</span> <span class='ocrx_word' id='word_1_406' title='bbox 987 2785 1020 2826; x_wconf 87' lang='grc'>6,</span> <span class='ocrx_word' id='word_1_407' title='bbox 1050 2784 1111 2819; x_wconf 84' lang='lat' dir='ltr'>SS.</span> <span class='ocrx_word' id='word_1_408' title='bbox 1137 2795 1169 2819; x_wconf 82' lang='lat' dir='ltr'>r.</span> <span class='ocrx_word' id='word_1_409' title='bbox 1199 2785 1240 2819; x_wconf 81' lang='lat' dir='ltr'>G.</span> <span class='ocrx_word' id='word_1_410' title='bbox 1266 2795 1306 2828; x_wconf 71' lang='lat' dir='ltr'>p.</span> <span class='ocrx_word' id='word_1_411' title='bbox 1332 2786 1389 2826; x_wconf 87' lang='lat'>21,</span> <span class='ocrx_word' id='word_1_412' title='bbox 1422 2785 1635 2826; x_wconf 75' lang='lat' dir='ltr'>ineptissime</span> <span class='ocrx_word' id='word_1_413' title='bbox 1657 2785 1842 2828; x_wconf 75' lang='lat' dir='ltr'>supplevit.</span> 
     </span>
     <span class='ocr_line' id='line_1_47' title="bbox 359 2830 1841 2875; baseline 0.001 -11"><span class='ocrx_word' id='word_1_414' title='bbox 359 2832 395 2874; x_wconf 83' lang='lat'>6)</span> <span class='ocrx_word' id='word_1_415' title='bbox 431 2833 487 2873; x_wconf 81' lang='lat' dir='ltr'>Cf.</span> <span class='ocrx_word' id='word_1_416' title='bbox 523 2833 627 2873; x_wconf 79' lang='lat' dir='ltr'>infra</span> <span class='ocrx_word' id='word_1_417' title='bbox 661 2842 688 2866; x_wconf 82' lang='lat' dir='ltr'>c.</span> <span class='ocrx_word' id='word_1_418' title='bbox 718 2833 774 2867; x_wconf 83' lang='lat'>27.</span> <span class='ocrx_word' id='word_1_419' title='bbox 897 2834 933 2875; x_wconf 86' lang='lat'>7)</span> <span class='ocrx_word' id='word_1_420' title='bbox 973 2831 1165 2874; x_wconf 71' lang='lat' dir='ltr'>Inyelheim</span> <span class='ocrx_word' id='word_1_421' title='bbox 1198 2834 1369 2864; x_wconf 82' lang='lat' dir='ltr'>memorat</span> <span class='ocrx_word' id='word_1_422' title='bbox 1405 2830 1501 2865; x_wconf 71' lang='lat' dir='ltr'>Com.</span> <span class='ocrx_word' id='word_1_423' title='bbox 1536 2831 1661 2873; x_wconf 74' lang='lat' dir='ltr'>Reqin.</span> <span class='ocrx_word' id='word_1_424' title='bbox 1698 2842 1730 2866; x_wconf 91' lang='lat' dir='ltr'>a.</span> <span class='ocrx_word' id='word_1_425' title='bbox 1761 2833 1841 2867; x_wconf 87' lang='lat'>953.</span> 
     </span>
    </p>
   </div>
   <div class='ocr_carea' id='block_1_11' title="bbox 358 2876 1905 3015">
    <p class='ocr_par' dir='ltr' id='par_1_12' title="bbox 358 2876 1905 3015">
     <span class='ocr_line' id='line_1_48' title="bbox 358 2876 1842 2922; baseline 0 -9"><span class='ocrx_word' id='word_1_426' title='bbox 358 2878 394 2922; x_wconf 83' lang='lat'>8)</span> <span class='ocrx_word' id='word_1_427' title='bbox 421 2879 608 2920; x_wconf 75' lang='lat' dir='ltr'>Saaeonia;</span> <span class='ocrx_word' id='word_1_428' title='bbox 632 2879 678 2920; x_wconf 80' lang='lat' dir='ltr'>cf.</span> <span class='ocrx_word' id='word_1_429' title='bbox 707 2879 802 2914; x_wconf 79' lang='lat' dir='ltr'>Cont.</span> <span class='ocrx_word' id='word_1_430' title='bbox 826 2879 948 2922; x_wconf 75' lang='lat' dir='ltr'>Reyin.</span> <span class='ocrx_word' id='word_1_431' title='bbox 975 2889 1007 2912; x_wconf 86' lang='lat' dir='ltr'>a.</span> <span class='ocrx_word' id='word_1_432' title='bbox 1033 2879 1113 2921; x_wconf 81' lang='lat'>953,</span> <span class='ocrx_word' id='word_1_433' title='bbox 1139 2879 1203 2921; x_wconf 76' lang='lat' dir='ltr'>qui</span> <span class='ocrx_word' id='word_1_434' title='bbox 1224 2888 1339 2920; x_wconf 77' lang='lat' dir='ltr'>reyem</span> <span class='ocrx_word' id='word_1_435' title='bbox 1360 2877 1495 2921; x_wconf 77' lang='lat' dir='ltr'>pascha</span> <span class='ocrx_word' id='word_1_436' title='bbox 1519 2876 1736 2911; x_wconf 86' lang='lat' dir='ltr'>Drotmanni</span> <span class='ocrx_word' id='word_1_437' title='bbox 1760 2879 1842 2913; x_wconf 83' lang='lat' dir='ltr'>cele-</span> 
     </span>
     <span class='ocr_line' id='line_1_49' title="bbox 359 2924 1905 2968; baseline 0.001 -11"><span class='ocrx_word' id='word_1_438' title='bbox 359 2925 479 2958; x_wconf 77' lang='lat' dir='ltr'>brasse</span> <span class='ocrx_word' id='word_1_439' title='bbox 502 2929 644 2961; x_wconf 77' lang='lat' dir='ltr'>narrat.</span> <span class='ocrx_word' id='word_1_440' title='bbox 695 2926 812 2968; x_wconf 81' lang='lat' dir='ltr'>Neque</span> <span class='ocrx_word' id='word_1_441' title='bbox 836 2931 952 2959; x_wconf 80' lang='lat' dir='ltr'>tamen</span> <span class='ocrx_word' id='word_1_442' title='bbox 981 2926 1143 2967; x_wconf 72' lang='lat' dir='ltr'>reyinam</span> <span class='ocrx_word' id='word_1_443' title='bbox 1168 2924 1410 2957; x_wconf 78' lang='lat' dir='ltr'><em>Mahthildam</em></span> <span class='ocrx_word' id='word_1_444' title='bbox 1443 2924 1511 2957; x_wconf 80' lang='lat' dir='ltr'>huc</span> <span class='ocrx_word' id='word_1_445' title='bbox 1544 2926 1675 2959; x_wconf 78' lang='lat' dir='ltr'>venisse</span> <span class='ocrx_word' id='word_1_446' title='bbox 1706 2930 1842 2959; x_wconf 70' lang='lat' dir='ltr'>eonten-</span> <span class='ocrx_word' id='word_1_447' title='bbox 1865 2934 1905 2959; x_wconf 70' lang='lat'>45</span> 
     </span>
     <span class='ocr_line' id='line_1_50' title="bbox 358 2970 1839 3015; baseline 0.001 -11"><span class='ocrx_word' id='word_1_448' title='bbox 358 2972 482 3013; x_wconf 77' lang='lat' dir='ltr'>derim,</span> <span class='ocrx_word' id='word_1_449' title='bbox 501 2976 539 3004; x_wconf 76' lang='lat' dir='ltr'>ut</span> <span class='ocrx_word' id='word_1_450' title='bbox 556 2973 743 3005; x_wconf 67' lang='lat' dir='ltr'>Dammler</span> <span class='ocrx_word' id='word_1_451' title='bbox 756 2984 793 3015; x_wconf 78' lang='lat' dir='ltr'>p.</span> <span class='ocrx_word' id='word_1_452' title='bbox 808 2974 886 3007; x_wconf 88' lang='grc'>216.</span> <span class='ocrx_word' id='word_1_453' title='bbox 904 2973 988 3006; x_wconf 82' lang='lat' dir='ltr'>vult.</span> <span class='ocrx_word' id='word_1_454' title='bbox 1022 2971 1201 3009; x_wconf 77' lang='lat' dir='ltr'><em>WAITZ,</em></span> <span class='ocrx_word' id='word_1_455' title='bbox 1238 2970 1306 3004; x_wconf 73' lang='lat' dir='ltr'>Sed</span> <span class='ocrx_word' id='word_1_456' title='bbox 1322 2972 1366 3012; x_wconf 82' lang='lat' dir='ltr'>cf.</span> <span class='ocrx_word' id='word_1_457' title='bbox 1384 2970 1467 3013; x_wconf 76' lang='lat' dir='ltr'>Req.</span> <span class='ocrx_word' id='word_1_458' title='bbox 1486 2971 1575 3014; x_wconf 81' lang='lat' dir='ltr'>Imp.</span> <span class='ocrx_word' id='word_1_459' title='bbox 1595 2972 1646 3014; x_wconf 85' lang='lat' dir='ltr'>II,</span> <span class='ocrx_word' id='word_1_460' title='bbox 1664 2983 1721 3010; x_wconf 81' lang='lat' dir='ltr'>nr.</span> <span class='ocrx_word' id='word_1_461' title='bbox 1736 2973 1839 3008; x_wconf 81' lang='lat' dir='ltr'>227d.</span> 
     </span>
    </p>
   </div>
   <div class='ocr_carea' id='block_1_12' title="bbox 2024 2003 2034 2450">
    <p class='ocr_par' dir='ltr' id='par_1_13' title="bbox 2024 2003 2034 2450">
     <span class='ocr_line' id='line_1_51' title="bbox 2024 2003 2034 2450; textangle 90"><span class='ocrx_word' id='word_1_462' title='bbox 2030 2448 2034 2450; x_wconf 93' lang='lat'>.</span> <span class='ocrx_word' id='word_1_463' title='bbox 2024 2336 2034 2422; x_wconf 47' lang='lat' dir='ltr'>:nd-*⁴*</span> <span class='ocrx_word' id='word_1_464' title='bbox 2026 2203 2034 2326; x_wconf 39' lang='grc' dir='ltr'>*μω-..-</span> <span class='ocrx_word' id='word_1_465' title='bbox 2028 2132 2034 2195; x_wconf 73' lang='grc'><em>.-..-.</em></span> <span class='ocrx_word' id='word_1_466' title='bbox 2026 2003 2034 2124; x_wconf 49' lang='lat' dir='ltr'>ua*—</span> 
     </span>
    </p>
   </div>
  </div>
 </body>
</html>
