2034 3380
415 323 601 360 RERUM
625 322 907 360 GRSTARUM
931 322 1308 360 SAXONICARUM
1331 322 1430 358 LIB.
1454 321 1485 358 1.
1670 324 1692 358 9

54 460 104 492 ἡ».
118 460 180 488 420.
204 459 312 488 suae
345 446 511 488 ditioni
539 445 773 500 regionem
805 444 1111 494 distribuunt;
1155 446 1201 486 et
1242 444 1350 498 quia
1388 443 1471 485 illa
1514 443 1692 485 *insula

204 505 253 546 in
293 505 464 560 angulo
504 505 698 559 quodam
742 503 880 544 maris
920 503 1010 544 sita
1050 504 1132 553 est,
1176 502 1509 557 Anglisaxones
1551 517 1693 557 usque

205 564 343 606 hodie
373 564 637 605 vocitantur
650 563 677 603 ¹.
740 562 811 604 De
843 562 1008 617 quibus
1041 561 1252 603 omnibus
1293 562 1331 602 si
1372 562 1472 615 quis
1513 562 1692 616 plenius

204 623 320 665 scire
350 622 560 673 voluerit,
594 621 863 663 historiam²
894 621 1046 676 gentis
1078 621 1282 663 eiusdem
1314 620 1442 675 legat
1455 621 1482 670 ²,
1517 623 1564 662 et
1594 617 1687 662 ibib

162 696 180 722 5
203 682 420 730 inveniet,
454 681 681 735 quomodo
713 682 794 722 aut
825 681 910 722 sub
942 680 1108 735 quibus
1150 680 1344 722 ducibus
1384 679 1499 721 haec
1540 680 1693 720 omnia

203 742 308 782 acta
338 740 444 789 sint,
467 740 540 782 vel
565 740 765 794 qualiter
786 740 846 781 ad
867 739 1233 781 Christianitatis
1254 752 1422 780 nomen
1443 751 1525 793 per
1546 738 1693 779 virum

203 799 296 841 suis
317 799 601 854 temporibus
617 799 968 849 sanctissimum,
987 812 1151 854 papam
1170 797 1387 840 videlicet
1405 795 1691 852 Grregorium⁷

203 859 494 913 pervenerint
506 858 534 899 3.
597 858 694 900 Nos
723 871 832 900 vero
864 860 1074 913 coeptam
1106 857 1353 899 historiae²²
1390 857 1510 897 viam
1547 870 1693 898 recur-

201 921 401 959 ramusc.

144 1015 178 1039 ιο
347 996 538 1041 VIIIL‘1
603 1000 715 1041 Post
760 999 904 1041 haec4
948 999 1142 1041 moritur
1182 997 1399 1053 flagae-⁵
1437 1011 1518 1040 rex
1558 998 1693 1039 Fran-

203 1073 373 1110 corum,
405 1059 677 1114 nullumque
702 1058 845 1100 alium
867 1059 1082 1101 heredem
1102 1058 1235 1113 regni
1255 1057 1517 1112 relinquens
1539 1059 1694 1112 preter

202 1118 386 1160 unicam
418 1118 560 1159 filiam
585 1118 769 1159 nomine
791 1117 1130 1171 Amalbergam,
1154 1131 1270 1171 quae
1292 1119 1512 1171 nupserat
1531 1116 1693 1157 Irmin·

201 1173 399 1219 &idos-⁶
429 1177 526 1231 regi
556 1177 911 1231 Thuringorum.
983 1176 1188 1231 Populus
1225 1177 1380 1218 autem
1412 1175 1693 1217 Francorum

202 1249 230 1277 a
260 1236 436 1278 seniore
468 1249 550 1277 suo
582 1236 782 1277 humane
814 1235 1153 1290 clementerque
1190 1236 1431 1285 tractatus,
1473 1248 1555 1289 pro
1597 1248 1693 1290 gra-

143 1308 177 1334 15
200 1295 371 1336 tiarum
417 1295 600 1337 actione
639 1295 935 1350 rependenda
976 1294 1120 1335 filium
1164 1307 1299 1349 quem
1341 1307 1396 1336 ex
1437 1293 1694 1335 concubina

201 1353 363 1408 genuit
408 1354 592 1396 nomine
638 1354 966 1395 Thiadricumg
1009 1348 1220 1409 ung-unth
1267 1353 1354 1395 sibi
1400 1353 1450 1394 in
1495 1366 1650 1408 regem
1666 1352 1692 1393 ⁷.

201 1413 472 1455 Thiadricus
505 1415 660 1455 autem
702 1413 971 1468 designatus
1009 1426 1090 1454 rex
1131 1412 1315 1454 mittere
1356 1412 1534 1454 curavit
1574 1412 1693 1467 lega-

199 1473 373 1515 tionem
405 1472 464 1514 ad
487 1468 830 1514 Irminfridumi
863 1486 946 1527 pro
977 1486 1090 1527 pace
1122 1467 1290 1526 atquek
1323 1471 1580 1513 concordia.
1633 1471 1693 1512 Et

199 1531 431 1586 ingressus
462 1531 644 1585 legatus
681 1532 741 1573 ad
770 1526 1138 1572 Irminfridum¹:
1175 1530 1485 1580 ‘Mortalium⁷‚
1526 1531 1690 1585 inquit.

140 1604 176 1629 20
202 1591 417 1646 ‘optimus
449 1591 673 1632 maximus
686 1591 714 1641 ⁸,
754 1591 965 1632 dominus
998 1604 1126 1633 meus
1157 1590 1430 1632 Thiadricus
1462 1590 1588 1631 misit
1620 1604 1691 1631 me

200 1730 229 1760 a)
247 1729 328 1762 hyst-
348 1730 384 1757 Δ.
397 1730 427 1756 C.
499 1730 530 1761 b)
547 1730 589 1755 ibi
609 1737 664 1757 om.
683 1730 746 1756 32.
819 1731 846 1760 c)
866 1736 1052 1755 recurramus
1071 1736 1159 1754 manu
1179 1729 1341 1760 recentiore,
1361 1731 1392 1752 ut
1411 1731 1544 1760 apparet,
1564 1731 1693 1760 corrupt.

200 1765 390 1790 decurramus
414 1766 450 1793 Δ.
540 1765 572 1797 d)
593 1765 677 1793 VIII.
702 1765 740 1796 C,·
765 1765 801 1795 ct.
820 1772 913 1796 supra
931 1772 966 1796 p.
983 1764 1011 1796 3,
1036 1772 1064 1792 n.
1083 1772 1121 1791 m.
1210 1763 1239 1795 e)
1262 1765 1304 1789 εἰσ
1322 1764 1384 1791 132.
1402 1764 1445 1797 G,·
1469 1764 1548 1795 hugo
1568 1764 1605 1789 Δ.
1625 1764 1691 1789 Β1.

200 1800 247 1831 Cf.
260 1800 392 1832 praefat.
457 1800 482 1831 s)
498 1801 540 1826 eie
552 1803 655 1833 postea
673 1801 761 1826 aiam
771 1801 875 1831 Frut.,·
894 1799 1078 1826 Erminfrido
1097 1800 1149 1825 ΒΞ
1167 1806 1296 1831 compen·
1314 1800 1338 1825 C
1354 1800 1498 1824 interdum
1513 1799 1691 1831 yrminfrid„

199 1836 249 1861 sod
266 1836 318 1861 hoe
335 1836 395 1861 loco
413 1834 589 1864 irminfrido.
678 1835 708 1868 g)
732 1837 774 1863 εἰσ
792 1837 815 1861 C
831 1838 857 1861 el
875 1838 981 1868 pouea
997 1835 1090 1861 Fallet
1109 1837 1151 1867 (p.
1169 1835 1254 1867 416„
1279 1833 1475 1861 thiedericum
1494 1835 1521 1860 Β
1532 1837 1545 1860 l
1564 1841 1692 1866 smper,-

140 1872 175 1898 25
200 1869 369 1900 Thiaderic.
387 1871 440 1896 ΒΞ
459 1872 647 1904 plerumque,·
672 1870 835 1899 theoderic.
853 1868 1019 1905 (theod‘'ic.)
1038 1871 1065 1896 A
1084 1873 1110 1896 a
1127 1871 1212 1898 Frut.
1228 1877 1350 1902 πωρον.
1440 1870 1472 1903 h)
1497 1874 1613 1902 ungent
1630 1870 1692 1898 ΒΞ.

200 1906 224 1941 i)
241 1905 451 1940 yrminfridum
470 1907 500 1935 C.
571 1907 602 1939 k)
622 1910 653 1933 et
670 1907 754 1932 Frue.

204 2025 238 2067 1)
274 2024 373 2058 Beda
406 2024 438 2067 I,
476 2036 503 2060 c.
535 2027 598 2061 15:
637 2023 754 2059 Porro
792 2024 838 2059 de
870 2024 1014 2070 Anglis‚
1051 2024 1122 2058 hoc
1160 2026 1215 2058 est
1251 2023 1297 2058 de
1333 2023 1397 2057 illa
1431 2023 1561 2067 patria,
1600 2034 1693 2067 quae

202 2070 372 2115 Angulus
397 2070 530 2105 dicitur
554 2073 592 2106 ct
616 2071 661 2105 ab
688 2082 732 2106 eo
756 2074 922 2116 tempore
947 2082 1060 2115 usque
1084 2070 1194 2105 hodie
1218 2081 1367 2105 manere
1401 2070 1564 2105 desertus
1598 2069 1694 2104 inter

202 2117 407 2162 provincias
439 2117 606 2152 Iutarum
641 2120 678 2153 et
710 2118 899 2153 Saxonum
932 2118 1156 2163 perhibetur,
1193 2146 1200 2153 .
1238 2146 1245 2154 .
1283 2146 1290 2153 .
1325 2117 1534 2162 Anglorum
1566 2116 1692 2162 populi

143 2176 178 2203 30
203 2167 288 2199 sunt
303 2165 395 2210 orti;
412 2165 581 2200 Iordanis
596 2166 716 2199 Getica
731 2176 758 2201 c.
772 2166 825 2205 II,
840 2168 896 2209 10,
916 2167 1017 2201 Λυσι.
1035 2169 1109 2201 ant.
1123 2166 1165 2208 V,
1182 2167 1215 2208 1,
1228 2176 1268 2209 p.
1282 2166 1348 2201 56:
1366 2163 1547 2198 Brittania
1564 2164 1693 2206 insula,

203 2223 273 2256 que
309 2212 347 2246 in
383 2212 463 2248 sino
497 2211 635 2248 Oceani
672 2213 769 2248 inter
802 2212 976 2257 Spanius,
1011 2211 1149 2247 Gallias
1183 2215 1221 2248 ct
1253 2211 1488 2247 Germaniam
1523 2212 1592 2245 sita
1630 2214 1693 2247 eet.

202 2260 341 2294 Mirum
366 2264 415 2294 est
441 2260 698 2294 Widukindum
721 2271 842 2294 veram
865 2261 1022 2295 nominis
1045 2261 1218 2303 oriqinem
1242 2259 1419 2303 effugisse.
1527 2260 1566 2304 2)
1601 2259 1694 2300 Quin

202 2307 302 2341 Beda
317 2307 414 2343 Hist.
441 2308 514 2343 eccl.
538 2309 653 2352 yemis
668 2307 775 2351 Anyl.
801 2308 1023 2350 indicaverit,
1047 2318 1120 2342 non
1142 2307 1273 2349 dubito,
1298 2307 1362 2340 ubi
1382 2307 1488 2340 etiam
1507 2306 1692 2340 Saxonum

201 2358 300 2398 qesta
333 2358 364 2388 et
395 2357 573 2389 conversio
606 2355 655 2399 (I,
691 2365 718 2391 c.
744 2357 807 2393 23)
840 2359 1058 2390 narrantur.
1202 2354 1239 2399 3)
1278 2355 1336 2396 Cf.
1370 2354 1470 2388 Beda
1503 2353 1534 2396 I,
1573 2364 1601 2389 c.
1634 2356 1692 2389 23.

143 2413 178 2439 35
202 2402 241 2445 4)
270 2402 327 2443 Cf.
352 2413 470 2446 supra
495 2414 532 2447 p.
551 2404 583 2444 7,
609 2414 644 2438 n.
667 2404 701 2438 2.
798 2402 835 2447 5)
861 2403 983 2437 Potius
1009 2401 1266 2436 Chlodovechus
1290 2406 1341 2444 (a.
1368 2403 1466 2444 511),
1493 2402 1557 2445 qui
1579 2406 1692 2435 tamen

203 2452 358 2493 quatuor
380 2449 473 2492 filios
495 2450 651 2494 reliquit.
700 2450 860 2492 Quorum
883 2453 973 2483 natu
997 2451 1178 2483 maximus
1201 2451 1240 2483 in
1259 2451 1355 2485 Ann.
1376 2448 1509 2491 Queat„
1536 2448 1599 2484 SS.
1618 2449 1692 2491 III,

199 2508 237 2541 p.
262 2498 321 2538 31,
354 2495 467 2542 Hugo
492 2495 742 2531 Theodericus
765 2498 910 2540 dicitur,
936 2501 967 2530 et
990 2498 1160 2532 additur.-
1195 2495 1245 2532 Η.
1272 2495 1353 2540 Th„
1378 2495 1417 2530 id
1442 2498 1497 2530 est
1520 2494 1693 2539 Francus,

205 2542 289 2587 quia
324 2542 412 2577 olim
450 2555 575 2579 omnes
608 2543 742 2578 Franci
775 2543 954 2589 Hugones
989 2544 1217 2579 vocabantur
1253 2554 1274 2578 a
1310 2554 1375 2578 suo
1410 2542 1568 2587 quodam
1602 2543 1694 2577 duce

204 2589 374 2635 Hugone.
491 2593 528 2635 6)
567 2590 623 2634 Cf.
661 2591 808 2634 Gregor.
840 2592 977 2627 Turon.
1009 2592 1083 2634 III,
1118 2602 1145 2627 ο.
1171 2593 1205 2633 4,
1239 2591 1302 2627 SS.
1337 2601 1461 2625 rerum
1494 2591 1626 2625 Merov.
1661 2590 1694 2632 I,

142 2648 180 2674 40
199 2649 238 2682 p.
265 2639 346 2681 111,
380 2638 444 2671 ubi
465 2639 600 2672 dn’oitur
622 2637 947 2674 Hermenefredus.
1057 2640 1093 2682 7)
1131 2638 1230 2672 Haec
1253 2640 1373 2672 omm’a
1398 2648 1506 2680 quam
1540 2638 1696 2670 maxime

203 2696 227 2718 a
263 2695 343 2719 vero
379 2685 572 2720 abhorrere
603 2687 778 2719 neminem
810 2686 947 2729 fuyiet:
982 2685 1220 2720 Theudoricus
1254 2696 1322 2719 rex
1355 2685 1581 2718 Francorum
1616 2694 1694 2718 oum

203 2732 318 2766 tribus
341 2733 525 2774 fratribus
542 2735 648 2777 patri
672 2733 910 2767 chlodovecho
941 2735 1128 2774 mee-ssim
1161 2734 1280 2776 ipsum
1305 2743 1322 2765 e
1344 2732 1536 2766 concubina
1567 2735 1694 2765 natum

205 2779 317 2821 fuisse
339 2781 443 2813 etiam
471 2781 620 2824 G-reyor.
649 2781 738 2815 Tur.
764 2780 817 2822 II,
843 2790 870 2815 c.
892 2782 952 2822 28,
973 2781 996 2816 l.
1020 2781 1044 2815 l.
1064 2791 1104 2824 p.
1127 2781 1186 2822 90,
1211 2783 1242 2813 et
1266 2780 1362 2814 Am».
1390 2779 1507 2821 Quodl.
1533 2780 1694 2814 tradunt.

205 2826 420 2871 Amalberya
453 2831 580 2871 amm,
615 2828 832 2870 Irminfridi
861 2837 970 2871 uxor,
1004 2829 1119 2871 neptis
1151 2828 1227 2868 fuit
1260 2827 1467 2860 Theoderici
1499 2827 1693 2860 Gothorum

146 2882 182 2908 45
205 2875 309 2915 regis.
368 2875 516 2910 Jordan.
554 2885 581 2910 c.
615 2875 762 2918 LVIII,
797 2876 884 2917 299,
920 2876 943 2910 l.
974 2875 998 2910 l.
1031 2885 1070 2918 p.
1107 2875 1202 2915 135;
1238 2874 1285 2915 cf.
1318 2873 1465 2917 Procop.
1499 2873 1536 2916 I,
1574 2884 1601 2909 c.
1638 2875 1693 2909 12.

206 2921 243 2962 8)
283 2920 421 2957 Sueton.
459 2922 628 2965 Gediqula
662 2933 689 2958 c.
727 2924 796 2958 22:
838 2922 999 2966 optimus
1034 2921 1214 2956 maximus
1252 2919 1395 2963 Caesar,
1432 2925 1464 2955 et
1499 2922 1554 2954 ita
1589 2922 1694 2964 infra

206 2977 358 3010 saeptus.
