2034 3380
377 346 402 380 4
976 339 1212 376 WIDUKIN
1215 338 1268 373 DI

379 462 522 504 nimia
566 462 798 503 vetustate
844 474 1024 503 omnem
1063 461 1160 502 fere
1205 460 1529 503 certitudinem
1575 460 1861 502 obscurante.

379 521 498 562 Nam
531 533 665 575 super
696 521 783 561 hac
814 533 862 561 re
893 520 1018 562 varia
1047 519 1202 574 opinio
1224 522 1305 569 est,
1330 519 1431 560 aliis
1453 518 1784 560 arbitrantibus
1806 519 1862 561 de

381 580 524 621 Danis
570 578 1067 633 Northmannisquea·1
1113 578 1335 633 originem
1389 577 1600 620 *duxisse
1647 577 1861 627 Saxones,
1888 591 2010 623 *p.418.

380 639 480 680 aliis
513 640 666 680 autem
699 637 1061 687 aestimantibus,
1096 639 1148 678 ut
1178 638 1274 692 ipse
1306 636 1677 679 adolescentulus
1709 636 1864 678 audivi

379 697 608 752 quendam
646 697 971 751 predicantem,
1015 696 1070 738 de
1112 694 1297 738 Graecis
1312 696 1339 747 2,
1382 696 1489 750 quia
1528 695 1616 750 ipsi
1658 695 1863 737 dicerent
1891 706 1908 732 5

380 756 578 798 Saxones
609 755 825 810 reliquias
846 755 988 796 fuisse
1010 755 1297 797 Macedonici
1319 755 1557 805 exercitus,
1581 754 1659 808 qui
1680 756 1863 796 secutus

379 816 599 870 Magnum
632 814 945 855 Alexandrum
977 814 1209 855 inmatura
1239 815 1386 855 morte
1417 814 1559 868 ipsius
1590 826 1672 868 per
1711 814 1863 854 totum

378 874 534 916 orbem
581 873 642 915 sit
689 873 917 927 dispersus
932 872 959 912 3.
1043 871 1256 914 Ceterum
1300 874 1487 926 gentem
1533 872 1768 926 antiquam
1817 873 1863 913 et

378 932 578 974 nobilem
609 931 751 973 fuisse
784 945 874 972 non
907 930 1177 984 ambigitur;
1212 931 1268 972 de
1300 930 1465 985 quibus
1497 933 1544 972 et
1569 931 1618 972 in
1649 930 1862 972 contione

379 986 638 1045 Agrippaeb
677 990 734 1031 ad
767 989 963 1031 Iudaeos
1004 989 1052 1030 in
1085 989 1309 1043 Iosepho⁰
1348 985 1522 1030 oratio‘l
1559 989 1819 1031 contexitur
1832 990 1860 1038 4,
1890 1000 1925 1024 10

379 1052 426 1091 et
457 1049 633 1091 Lucani
664 1051 827 1103 poetae
859 1048 1089 1090 sententia
1120 1048 1342 1102 probatur
1355 1047 1383 1086 ⁵.

519 1119 641 1160 III.e
694 1119 782 1160 Pro
816 1120 940 1160 certo
973 1120 1127 1160 autem
1159 1118 1368 1160 novimus
1390 1117 1590 1159 Saxones
1621 1117 1693 1159 his
1723 1118 1863 1173 regio-

378 1178 513 1220 nibus
544 1178 738 1219 navibus
769 1176 1014 1219 advectosss
1045 1178 1091 1219 et
1122 1176 1223 1219 loco
1255 1177 1451 1231 primum
1485 1176 1759 1232 applicuisse
1785 1177 1863 1231 qui

378 1251 521 1291 usque
554 1236 689 1278 hodie
720 1231 1044 1291 nuncupaturf
1074 1235 1411 1277 Hadolaung·⁷.

377 1374 406 1407 a)
430 1374 673 1404 nortmannisque
696 1374 732 1401 A.
756 1374 782 1399 Β
795 1375 822 1400 2.
846 1374 972 1405 Frutolr.
1061 1373 1092 1407 b)
1115 1374 1255 1399 nonnulla
1278 1381 1350 1399 rasa
1375 1374 1507 1398 videntur
1525 1375 1555 1398 in
1576 1374 1627 1399 hoc
1645 1376 1670 1398 et
1687 1374 1864 1406 sequentibus
1889 1372 1926 1397 15

379 1410 470 1434 verbis
493 1409 529 1436 A.
601 1411 628 1440 c)
647 1409 768 1441 ioseppo
788 1409 818 1437 0.
926 1408 957 1442 d)
981 1409 1076 1434 oratio
1101 1416 1157 1437 om.
1184 1411 1219 1437 A.
1327 1410 1354 1440 e)
1378 1409 1419 1435 11.
1440 1409 1479 1441 0;
1503 1409 1538 1439 cf.
1561 1416 1653 1441 supra
1671 1416 1705 1440 Ρ.
1723 1410 1750 1441 3,
1776 1417 1806 1435 n.
1826 1417 1863 1437 m.

378 1444 400 1477 f)
419 1448 544 1478 uocatur
562 1444 610 1469 uel
629 1447 817 1476 nuncupatur
834 1445 895 1472 Bl.
967 1443 996 1477 g)
1014 1445 1055 1469 sic
1074 1447 1099 1469 et
1117 1444 1270 1470 Gobdinus
1288 1445 1414 1476 Person;
1434 1443 1573 1470 hadolam
1591 1445 1622 1470 C.

379 1560 413 1606 1)
451 1561 507 1603 Cf.
539 1561 708 1596 Hraban.
741 1561 795 1595 De
826 1562 1019 1595 inventione
1050 1562 1271 1604 linyuarum,
1301 1560 1431 1604 Miqne,
1461 1561 1599 1596 Patrol.
1629 1561 1711 1597 Lat.
1740 1561 1859 1604 CXII,

377 1609 439 1643 col.
479 1609 589 1644 1581:
628 1619 649 1641 a
685 1607 816 1651 quibus
852 1609 944 1650 (soil.
981 1608 1242 1652 Nordmannis)
1279 1607 1479 1653 originem,
1521 1607 1584 1651 qui
1620 1607 1861 1643 Theodiscam

374 1655 576 1699 loquuntur
598 1654 773 1699 linguam,
797 1654 956 1690 trahunt.
997 1655 1160 1691 Ermold.
1201 1656 1249 1689 In
1270 1655 1434 1689 honorem
1449 1655 1655 1689 Hludowioi
1669 1655 1737 1698 IV,
1754 1667 1784 1691 v.
1804 1657 1860 1699 18,
1886 1663 1925 1688 20

375 1703 502 1737 Poetae
539 1702 659 1737 Carol.
697 1702 751 1745 II,
785 1712 825 1745 Ρ.
860 1704 925 1738 59:
963 1700 1071 1736 Unde
1106 1713 1220 1747 genus
1255 1701 1404 1736 Francis
1441 1701 1567 1736 adfore
1603 1701 1702 1736 fama
1736 1701 1859 1738 refert.

376 1749 412 1795 2)
448 1750 502 1791 Cf.
529 1749 635 1790 infra
669 1760 696 1784 c.
724 1750 778 1784 12.
876 1748 912 1794 3)
949 1749 1002 1792 Cf.
1032 1748 1162 1792 Otfrid.
1187 1750 1219 1793 I,
1247 1751 1279 1793 1,
1312 1760 1341 1785 v.
1369 1751 1535 1791 87—92;
1565 1749 1647 1782 Vita
1671 1750 1863 1783 Altmanm'

374 1807 400 1832 c.
421 1798 453 1840 1,
471 1795 534 1830 SS.
551 1795 645 1839 XII,
666 1808 705 1840 Ρ.
722 1797 803 1839 229,
826 1799 858 1829 et
873 1806 975 1840 saepe
991 1797 1031 1829 in
1048 1797 1205 1838 fontibus
1215 1796 1475 1840 posterioribus
1491 1796 1667 1836 (Meibom.
1687 1808 1727 1840 Ρ.
1744 1799 1791 1832 39
1806 1807 1858 1840 89.

373 1844 509 1887 [666]‚·
543 1843 607 1881 SS.
632 1843 741 1886 XVI,
770 1854 810 1886 Ρ.
836 1844 933 1883 311).
1029 1842 1067 1887 4)
1092 1843 1207 1877 Locus
1230 1843 1374 1886 Iosephi
1395 1846 1493 1877 extat
1515 1843 1574 1878 lib.
1600 1843 1668 1885 ΙΙ,’
1684 1854 1710 1878 c.
1739 1844 1794 1879 16.
1819 1843 1860 1878 de

375 1890 459 1924 bello
494 1890 653 1933 Iudaico,
687 1890 749 1922 ubi
779 1893 896 1923 tamen
928 1900 1000 1923 non
1033 1889 1218 1924 Saoeonum
1250 1890 1292 1931 fit
1327 1892 1464 1933 mentio,
1499 1891 1560 1924 sed
1592 1891 1631 1923 in
1661 1901 1786 1933 ,qenere
1818 1891 1859 1924 de
1883 1896 1922 1922 25

377 1937 567 1970 Germanis
607 1937 748 1972 dicitur.
813 1935 1028 1972 MEIBOM.
1100 1936 1343 1980 Heqesippum
1382 1938 1422 1970 in
1461 1937 1557 1972 Hist.
1599 1935 1680 1970 belli
1718 1938 1859 1971 Iudaici

375 1984 565 2028 Iosephum
597 1984 638 2017 de
663 1983 866 2017 Saoeonibus
897 1987 1125 2027 perorantem
1153 1984 1316 2017 inducere
1349 1984 1418 2017 alii
1449 1987 1670 2018 annotarunt
1680 1995 1696 2025 ,·
1728 1985 1787 2018 sed
1819 1985 1858 2018 in

375 2032 466 2065 edito
491 2031 583 2064 libro
599 2031 652 2074 II,
671 2033 702 2066 9.
729 2032 833 2064 etiam
852 2029 1028 2064 Germani
1052 2031 1230 2074 leguntur.
1274 2030 1327 2073 Cf.
1347 2030 1473 2073 Ko‘pke
1495 2043 1531 2075 Ρ.
1549 2032 1596 2066 48
1611 2042 1661 2074 sq.
1705 2031 1858 2065 Walten-

375 2078 474 2121 bach,
502 2077 874 2111 ‘Geschichtschreiber
897 2078 960 2110 der
993 2078 1178 2111 deutschen
1208 2077 1363 2111 Vorzeit'
1399 2078 1449 2113 ed.
1475 2079 1508 2113 2.
1541 2077 1729 2122 XXXIII,
1760 2090 1798 2122 Ρ.
1825 2080 1858 2120 7,

374 2137 409 2160 n.
438 2127 470 2167 1,
498 2126 672 2168 proponit
695 2124 888 2168 Heqesippi
914 2125 952 2168 V,
981 2126 1025 2160 15
1058 2125 1127 2167 (ed.
1156 2124 1278 2158 Weber
1311 2128 1341 2158 et
1372 2125 1503 2158 Caesar
1528 2135 1568 2168 Ρ.
1596 2126 1701 2168 299);
1735 2125 1859 2159 tremit
1885 2131 1923 2157 ao
1961 2125 1973 2139 ¹·

375 2171 534 2206 Saxonia
566 2171 747 2205 inaccessa
780 2171 973 2216 paludibus
1007 2199 1014 2207 .
1041 2199 1048 2206 .
1078 2196 1087 2206 .
1115 2170 1376 2205 validissimum
1409 2182 1522 2216 genus
1554 2171 1742 2206 hominum
1777 2182 1858 2216 per-

375 2218 522 2253 hibetur
545 2221 583 2253 et
606 2221 794 2262 praestans
820 2218 968 2261 ceteris3
993 2220 1086 2262 quod
1109 2229 1189 2253 vero
1214 2229 1284 2252 non
1309 2219 1487 2262 Ayrippa,
1511 2219 1571 2252 sed
1590 2218 1761 2261 Iosephus
1783 2220 1858 2263 ipse

375 2266 468 2300 (latit.
567 2264 603 2310 5)
629 2266 738 2309 Apud
762 2265 897 2301 Lucan.
924 2265 1054 2300 Phars.
1080 2266 1113 2308 I,
1139 2277 1170 2300 v.
1189 2267 1270 2300 423.
1296 2268 1401 2298 antea
1428 2265 1627 2308 leyebatur:
1652 2267 1689 2299 et
1712 2263 1857 2299 Biturix

374 2311 562 2357 longisque
588 2312 684 2346 leves
701 2311 863 2346 Saxones
887 2311 925 2345 in
951 2311 1077 2356 armis;
1105 2313 1179 2345 iam
1202 2322 1282 2345 vero
1297 2313 1509 2354 optimorum
1525 2312 1678 2345 codicum
1695 2313 1765 2355 fide
1779 2323 1857 2346 con-

374 2358 545 2400 firmata:
570 2357 775 2394 Suessones.
819 2359 905 2392 Vide
929 2369 1054 2392 novam
1078 2359 1264 2392 editionem
1287 2360 1444 2392 criticam
1473 2359 1598 2392 Caroli
1619 2358 1725 2393 Hosii
1740 2359 1857 2404 (Lips.
1883 2365 1920 2391 35

377 2406 483 2449 1892)
511 2417 547 2449 Ρ.
575 2406 629 2441 18.
727 2404 765 2450 6)
790 2405 843 2448 Cf.
869 2405 1037 2447 Ruodolfi
1067 2405 1210 2440 Transi.
1237 2405 1272 2439 S.
1298 2406 1514 2448 Alemandri,
1542 2405 1604 2441 SS.
1631 2406 1683 2448 II,
1710 2417 1750 2449 Ρ.
1776 2408 1857 2447 674,

374 2454 437 2496 qui
459 2453 559 2485 addit
593 2452 637 2485 ab
662 2452 793 2495 Anqlis
816 2452 1031 2486 Britanniae
1055 2453 1178 2486 incolis
1203 2463 1357 2495 egressos
1380 2462 1453 2486 esse
1477 2453 1637 2486 Santones
1645 2463 1662 2494 ,·
1695 2453 1735 2486 id
1767 2454 1858 2496 quod

373 2502 491 2533 noster
507 2500 650 2532 minime
672 2501 820 2532 innuere
836 2500 980 2534 videtur.
1021 2499 1076 2542 Cf.
1095 2499 1338 2543 Lappenbery,
1357 2499 1570 2533 ‘Geschichte
1586 2509 1653 2533 von
1669 2499 1856 2542 Enyland'

374 2546 404 2589 I,
427 2557 464 2589 Ρ.
491 2547 548 2581 87.
647 2547 681 2588 7)
708 2546 764 2588 Of.
789 2547 934 2581 Transi.
961 2547 1063 2582 Aleae.
1090 2547 1112 2581 l.
1139 2548 1187 2581 L:
1212 2545 1249 2580 in
1274 2546 1355 2580 loco
1381 2546 1441 2589 qui
1465 2549 1617 2580 vocatur
1636 2545 1859 2591 Hadulohaj

373 2594 470 2628 Ann.
490 2592 754 2636 Quedlinburq„
778 2593 842 2628 SS.
861 2594 934 2635 III,
959 2605 995 2637 Ρ.
1013 2594 1079 2628 32:
1106 2592 1144 2626 in
1168 2593 1247 2627 loco
1265 2592 1458 2627 Hadalaon
1485 2593 1603 2638 dict03
1628 2595 1724 2629 Arm.
1743 2594 1854 2636 stad„
1880 2600 1920 2625 ιο

375 2639 436 2677 SS,
475 2639 589 2682 XVI,
623 2650 664 2683 Ρ.
699 2642 788 2676 311;
825 2640 863 2674 in
899 2641 979 2674 loco
1017 2639 1246 2684 Hathuloga‚
1285 2640 1345 2684 qui
1381 2651 1476 2674 nunc
1513 2640 1685 2674 urbanius
1725 2640 1857 2675 dicitur

374 2685 598 2729 Hatheleria,
623 2696 668 2719 ea:
692 2687 818 2730 quibus
841 2687 925 2720 haec
949 2689 1096 2731 repetita
1120 2689 1159 2720 in
1184 2688 1276 2721 libro
1300 2688 1451 2721 maioris
1474 2688 1631 2721 ecclesiae
1656 2687 1856 2721 Bremensis

374 2743 462 2767 saec.
497 2732 601 2775 XVI,
639 2733 854 2777 Sudendorf,
890 2733 983 2770 (ΠΒ,
1015 2744 1083 2767 von
1122 2734 1395 2777 Braunschweiy
1430 2734 1506 2767 und
1537 2733 1746 2777 Lanebury’
1780 2734 1854 2775 III,

368 2790 407 2822 Ρ.
425 2780 625 2821 270-272,
647 2791 682 2815 n.
724 2781 823 2814 Alios
847 2781 938 2815 locos
962 2782 1068 2824 affert
1083 2781 1245 2816 Meibom.
1265 2792 1304 2824 Ρ.
1322 2782 1369 2816 40
1385 2781 1503 2824 (667).
1530 2799 1575 2805 -
1599 2781 1646 2814 In
1660 2779 1855 2814 Haduzoha

374 2825 532 2868 (Hadeln
556 2827 734 2860 meridiem
758 2838 879 2861 versus
905 2828 949 2861 ab
982 2830 1071 2862 ostio
1095 2828 1196 2862 Albis
1228 2829 1405 2870 fluminis)
1437 2837 1621 2870 nunquam
1650 2827 1855 2871 Thurinqos
1878 2834 1917 2860 45

371 2874 501 2906 sedisse
524 2874 613 2906 satis
637 2878 782 2909 constat.
