2034 3380
397 350 582 387 RERUM
606 349 888 386 GESTARUM
912 348 1289 385 SAXONIOARUM
1313 348 1410 385 LIB.
1435 347 1510 385 IH.
1631 351 1702 385 103

210 473 342 514 urbia
370 474 652 528 contiguum,
685 472 796 514 dum
828 470 1028 525 equestri
1060 470 1205 525 prelio
1228 472 1526 525 pugnaretur,
1550 473 1701 513 castra
1714 477 1792 514 954.

211 533 400 574 armatis
447 533 627 575 deserta
671 531 954 572 invaderent.
1029 529 1204 571 Urbani
1247 530 1378 582 signo
1424 530 1558 572 nolae
1599 544 1700 572 con-

210 592 392 646 gregati
444 591 656 634 condicta
707 603 948 644 peragere;
1001 589 1123 643 quod
1169 589 1219 629 in
1265 588 1428 630 castris
1473 602 1561 630 usu
1606 603 1700 631 non

210 651 442 704 ignotum;
485 651 764 704 quapropter
796 651 843 691 et
877 648 966 703 ipsi
1006 662 1099 690 non
1139 648 1341 702 segniter
1381 650 1699 703 preparantur.

169 723 185 749 5
210 710 389 751 Moram
418 708 698 751 facientibus
728 708 778 749 in
810 708 1091 762 erumpendo
1132 707 1377 762 equitibus,
1420 702 1604 748 classisb
1642 707 1698 748 ab

210 769 322 810 urbe
354 769 536 823 longius
562 767 809 810 elabiturss.
861 767 1203 821 Exilientesque
1226 766 1282 808 de
1303 765 1497 808 navibus
1517 766 1701 807 irruunt

208 828 259 868 in
295 830 456 876 castra,
499 823 906 881 offendentesque‘¹
943 828 1155 877 armatos,
1199 826 1309 867 dum
1349 825 1522 880 trepidi
1560 825 1700 879 fugae

210 887 480 937 consulunt,
528 886 795 929 circumfusi
839 886 1043 940 undique
1085 885 1353 927 caeduntur.
1426 884 1523 926 Alii
1562 897 1700 926 naves

209 946 390 1001 ingredi
425 947 560 997 nisie,
600 946 766 987 timore
806 945 1004 1000 perculsi
1037 944 1292 995 deviantes,
1331 944 1520 985 flumine
1553 943 1701 985 absor-

151 1019 185 1045 ιο
211 1005 398 1056 bentur;
447 1005 528 1047 alii
567 1018 706 1047 naves
752 1000 885 1059 plusf
930 1017 1075 1058 aequo
1121 1003 1316 1058 ingressi
1357 1003 1698 1056 dimerguntur;

209 1065 477 1119 factumque
518 1067 606 1115 est,
647 1066 702 1105 ut
741 1064 816 1105 vix
856 1063 1021 1118 pauci&
1057 1063 1113 1105 de
1154 1062 1365 1117 pluribus
1397 1063 1700 1116 superessent.

210 1123 400 1177 Equites
440 1137 548 1165 vero
595 1123 652 1165 ab
700 1123 932 1177 equitibus
978 1122 1168 1177 fatigati
1215 1121 1498 1175 devictique,
1546 1120 1700 1175 plures

210 1183 375 1234 saucii,
423 1183 472 1224 in
517 1177 707 1225 urbemh
753 1184 996 1237 coguntur.
1073 1181 1209 1222 Miles
1255 1181 1409 1235 regius
1455 1180 1602 1221 victor
1652 1179 1702 1219 in

210 1244 361 1284 castra
399 1255 626 1292 reversus,¹
662 1255 806 1282 unum
848 1241 1134 1282 solummodo
1175 1239 1307 1280 letali
1346 1239 1536 1281 vulnere
1550 1238 1566 1263 1
1605 1252 1702 1292 per-

151 1315 185 1341 ιε»
210 1314 392 1343 cussum
424 1315 506 1356 pro
538 1300 682 1356 portis
714 1314 868 1342 secum
900 1300 1141 1342 revehunt.
1212 1298 1359 1340 Pecus
1400 1311 1534 1340 omne
1574 1297 1700 1339 urbis

209 1360 310 1402 loco
342 1360 538 1402 herboso
567 1359 787 1410 delatum,
821 1360 900 1413 qui
932 1361 1031 1401 erat
1060 1358 1184 1399 inter
1208 1352 1402 1398 Baium
1433 1358 1480 1399 et
1501 1352 1698 1398 Donouk

209 1420 390 1471 fluvios,
438 1420 518 1461 sed
565 1433 592 1461 a
637 1419 782 1460 fratre
828 1419 949 1473 regis
990 1417 1210 1460 Heinrico
1252 1418 1439 1472 captum
1487 1419 1534 1458 et
1578 1416 1702 1457 inter

210 1479 355 1520 socios
396 1479 592 1520 divisum
633 1480 715 1520 est.
789 1478 965 1519 Urbani
1006 1477 1177 1519 crebris
1217 1476 1374 1531 preliis
1412 1471 1538 1516 triti¹
1578 1475 1701 1516 fame

210 1551 390 1592 quoque
422 1537 674 1592 periclitari
705 1539 967 1592 coeperunt.

151 1612 186 1637 20
353 1596 601 1638 XXXVII.
663 1596 798 1638 Unde
839 1599 1080 1650 egressusm
1120 1595 1233 1637 urbe
1275 1593 1551 1635 Liudulfusn
1598 1607 1701 1634 cum

212 1656 544 1710 principalibus
583 1656 691 1696 viris
737 1669 897 1710 pacem
943 1654 1171 1709 postulat,
1219 1654 1299 1696 sed
1345 1667 1438 1695 non
1483 1653 1700 1707 inpetrat,

211 1715 320 1769 quia
359 1715 482 1770 patri
521 1715 832 1757 obedientiam
872 1716 1025 1768 negat.
1098 1713 1340 1768 Ingressus
1379 1725 1487 1754 vero
1526 1711 1701 1760 urbem,

212 1777 392 1829 portam
425 1773 694 1816 orientalem
728 1773 1017 1815 obsidentem
1049 1772 1186 1814 armis
1225 1773 1426 1826 temptat
1459 1770 1701 1820 Geronem‚

210 1835 283 1875 tot
313 1833 518 1875 victoriis
559 1835 671 1887 quot
709 1832 866 1887 preliis
898 1832 1086 1874 clarum.
1151 1833 1192 1873 A
1223 1831 1363 1874 tertia
1403 1831 1519 1872 hora
1558 1843 1703 1883 usque

152 1907 187 1932 25
211 1893 260 1934 in
291 1906 459 1934 nonam
491 1892 658 1934 acriter
693 1893 1002 1947 pugnatum03
1046 1892 1155 1932 ante
1196 1892 1377 1945 portam
1418 1889 1545 1931 urbis
1586 1902 1702 1942 equo

212 1953 406 1994 cadente
458 1965 670 1994 ascensor
715 1951 986 1992 Arnulfusl'·
1001 1950 1017 1975 3
1068 1950 1206 1992 armis
1258 1948 1453 1991 exutus4
1503 1947 1703 2002 ilicoque

211 2011 346 2052 telisq
398 2009 659 2065 perfossus⁵
709 2010 940 2052 occubuit.
1025 2009 1136 2051 Post
1188 2009 1380 2050 biduum
1433 2021 1459 2048 a
1511 2007 1703 2048 muliere

211 2069 382 2110 famem
413 2069 539 2110 urbis
570 2069 781 2124 fugiente
814 2082 934 2110 mors
965 2068 1092 2109 illius
1122 2067 1403 2117 notificatur,
1434 2067 1543 2107 dum
1566 2067 1704 2106 antea

212 2128 440 2170 incertum
473 2130 606 2170 esset.
669 2127 812 2169 Cuius
843 2129 990 2169 morte
1029 2126 1194 2168 urbani
1235 2126 1347 2168 satis
1391 2124 1571 2167 confusi
1611 2124 1703 2165 iam

153 2202 188 2227 30
213 2187 270 2229 de
301 2200 413 2242 pace
443 2186 724 2228 tractabant.

354 2246 628 2287 XXXVIII.
692 2245 967 2287 Interventu
1006 2244 1199 2300 proinde
1239 2243 1497 2299 principum
1534 2242 1705 2284 iterum

211 2305 489 2347 Liudulfusn
517 2319 620 2347 cum
646 2305 780 2346 sociis
801 2305 914 2346 urbe
936 2317 1157 2359 egressus,
1181 2303 1291 2345 dum
1313 2315 1468 2344 mense
1489 2302 1699 2356 integro‘

212 2366 259 2406 et
300 2364 491 2406 dimidio
529 2364 831 2414 obsideretur,
873 2377 1033 2419 pacem
1074 2362 1279 2405 obtinuit
1319 2375 1462 2416 usque
1504 2361 1563 2402 ad
1604 2374 1704 2402 con-

211 2480 241 2510 a)
259 2479 364 2504 urbem
383 2479 553 2511 contiguam
571 2479 632 2507 Bl.
710 2479 741 2510 b)
759 2479 866 2505 clausis
886 2479 949 2505 ΒΖ.
1025 2480 1052 2510 e)
1071 2478 1230 2505 elabuntur
1248 2478 1309 2506 132.
1382 2478 1411 2509 d)
1431 2478 1616 2503 offendentes
1635 2478 1704 2510 B1;

153 2514 187 2540 35
213 2514 263 2539 ubi
288 2521 362 2540 arm.
385 2515 569 2540 offendentes
589 2515 665 2542 Amo.
690 2515 788 2546 Maqd.
878 2514 907 2547 e)
931 2521 991 2540 non
1009 2514 1070 2542 ΒΞ.
1160 2514 1185 2547 f)
1209 2513 1310 2546 plures
1335 2514 1424 2541 Saxo.
1514 2513 1544 2546 g)
1568 2513 1656 2545 pauci
1674 2514 1705 2537 in

213 2550 273 2574 loco
293 2556 361 2574 raso
380 2551 415 2577 A.
506 2549 538 2581 h)
562 2550 637 2575 urbe
656 2549 686 2577 C.
775 2550 797 2581 i)
820 2550 861 2575 sic
879 2550 915 2577 A.
934 2550 1031 2580 Sax05
1059 2550 1123 2575 rein
1143 2550 1209 2583 B2;
1240 2550 1313 2575 raim
1333 2550 1371 2580 C,-
1398 2550 1430 2574 in
1450 2552 1531 2574 terra
1550 2556 1609 2581 pro
1627 2549 1706 2574 inter

212 2585 291 2610 Rain
309 2585 335 2609 B
346 2586 371 2612 1.
437 2583 468 2617 k)
486 2585 527 2610 sic
546 2585 580 2612 A.
599 2585 668 2617 1315
689 2584 786 2610 donov
806 2586 869 2610 alia
886 2592 975 2610 manu
993 2592 1070 2613 corr.
1089 2584 1251 2611 danubium
1270 2586 1309 2617 C,·
1327 2585 1498 2610 Danubium
1516 2585 1585 2615 1323
1606 2584 1705 2609 donau

214 2620 302 2648 Saxo.
314 2633 350 2639 —
364 2620 474 2645 fluuius
487 2620 549 2647 131.
611 2619 634 2654 1)
654 2620 750 2645 attriti
766 2620 868 2652 Frut.,·
887 2621 983 2646 territi
1002 2621 1094 2647 Saxo.
1157 2622 1198 2651 m)
1217 2623 1262 2646 est
1281 2620 1350 2647 add.
1367 2619 1398 2646 C.
1461 2619 1493 2651 n)
1511 2618 1641 2644 ludolfus
1661 2619 1704 2649 A:

212 2654 354 2681 liudolfus
372 2655 434 2681 Bl.
454 2655 543 2682 Saxo.
561 2655 636 2682 ΔΜ..
655 2655 773 2686 Μαραη·
799 2655 932 2681 luitolfus
951 2656 1034 2683 Frut.
1116 2656 1146 2689 ο)
1168 2659 1212 2681 est
1231 2656 1299 2683 add.
1317 2655 1344 2680 B
1356 2655 1382 2682 2.
1402 2668 1436 2673 —
1455 2655 1523 2679 Post
1540 2656 1704 2686 pugnatum

152 2692 188 2717 40
212 2691 391 2722 dietinyuunt
409 2691 436 2716 B
450 2692 474 2718 1.
493 2691 524 2718 C.
540 2691 631 2721 (Arm.
651 2690 776 2723 Marad),
794 2694 864 2723 post
882 2694 954 2717 ante
972 2695 1089 2723 portam
1107 2691 1190 2716 urbis
1209 2691 1234 2715 B
1246 2691 1271 2717 2.
1290 2691 1373 2718 Frut,
1392 2691 1489 2720 δοκι-0,·
1507 2690 1571 2714 ulla
1588 2690 1704 2714 diet-'nc-

212 2727 287 2752 tt'one
304 2729 383 2751 caret
401 2727 444 2758 A,
467 2729 497 2751 ut
515 2727 639 2758 saepius.
722 2725 754 2759 p)
779 2726 910 2752 arnolfus
928 2727 1013 2753 Frut.
1034 2727 1123 2755 Saxo.
1142 2727 1216 2754 Ama.
1235 2726 1336 2757 Mayd.
1418 2729 1450 2757 q)
1469 2725 1527 2751 telo
1545 2731 1597 2752 sec.
1616 2732 1705 2749 manu

212 2769 288 2790 corr.
307 2762 374 2788 telis
393 2762 457 2790 Bl.
529 2761 554 2794 r)
573 2762 690 2793 integra
709 2761 739 2789 C.

215 2856 250 2899 1)
283 2854 415 2898 Ver-qil.
440 2858 528 2892 Aen.
554 2856 624 2899 IX,
653 2868 683 2891 v.
709 2857 799 2892 580:
834 2854 936 2890 letali
958 2855 1108 2890 volnere
1132 2854 1242 2899 rupit.
1363 2855 1401 2898 2)
1438 2854 1552 2889 Hodie
1575 2855 1704 2898 Reyen.

213 2902 252 2946 3)
285 2902 425 2939 Iunior.
485 2903 541 2945 Cf.
577 2904 684 2937 huius
719 2904 809 2937 libri
843 2913 870 2938 c.
901 2904 959 2939 21.
1088 2903 1125 2946 4)
1156 2903 1289 2945 Veryil.
1323 2903 1411 2938 Aen.
1445 2901 1521 2945 XI,
1554 2914 1583 2938 v.
1613 2903 1703 2938 395:

153 2955 188 2980 45
215 2950 343 2983 exutos
375 2949 539 2984 Arcadas
573 2950 693 2987 armis.
838 2950 874 2995 5)
910 2950 966 2992 Cf.
1000 2960 1116 2994 supra
1147 2960 1186 2992 p.
1213 2951 1271 2992 75,
1302 2950 1325 2985 l.
1352 2951 1398 2985 22
1415 2960 1490 2994 sq.:
1521 2948 1704 2994 perfossus

214 2994 363 3029 tandem
386 2996 468 3031 telis
491 2997 639 3034 corruit.
