<?xml version="1.0" encoding="UTF-8"?>
<!DOCTYPE html PUBLIC "-//W3C//DTD XHTML 1.0 Transitional//EN"
    "http://www.w3.org/TR/xhtml1/DTD/xhtml1-transitional.dtd">
<html xmlns="http://www.w3.org/1999/xhtml" xml:lang="en" lang="en">
 <head>
  <title>
</title>
<meta http-equiv="Content-Type" content="text/html;charset=utf-8" />
  <meta name='ocr-system' content='tesseract 3.04.00' />
  <meta name='ocr-capabilities' content='ocr_page ocr_carea ocr_par ocr_line ocrx_word'/>
</head>
<body>
  <div class='ocr_page' id='page_1' title='image "./rerumgestarumsax00widuuoft_0113.png"; bbox 0 0 2034 3380; ppageno 0'>
   <div class='ocr_carea' id='block_1_1' title="bbox 407 345 1700 385">
    <p class='ocr_par' dir='ltr' id='par_1_1' title="bbox 407 345 1700 385">
     <span class='ocr_line' id='line_1_1' title="bbox 407 345 1700 385; baseline 0.003 -4"><span class='ocrx_word' id='word_1_1' title='bbox 407 345 592 381; x_wconf 86' lang='lat' dir='ltr'>RERUM</span> <span class='ocrx_word' id='word_1_2' title='bbox 618 345 900 382; x_wconf 80' lang='lat' dir='ltr'><strong>GESTARUM</strong></span> <span class='ocrx_word' id='word_1_3' title='bbox 924 345 1301 383; x_wconf 84' lang='lat' dir='ltr'>SAXONIOARUM</span> <span class='ocrx_word' id='word_1_4' title='bbox 1324 347 1423 384; x_wconf 88' lang='lat' dir='ltr'>LIB.</span> <span class='ocrx_word' id='word_1_5' title='bbox 1448 347 1501 384; x_wconf 89' lang='lat' dir='ltr'>H.</span> <span class='ocrx_word' id='word_1_6' title='bbox 1654 349 1700 385; x_wconf 84' lang='lat'>75</span> 
     </span>
    </p>
   </div>
   <div class='ocr_carea' id='block_1_2' title="bbox 150 467 1792 1402">
    <p class='ocr_par' dir='ltr' id='par_1_2' title="bbox 209 467 1792 698">
     <span class='ocr_line' id='line_1_2' title="bbox 352 467 1792 523; baseline 0.001 -15"><span class='ocrx_word' id='word_1_7' title='bbox 352 467 498 509; x_wconf 90' lang='lat' dir='ltr'><strong>XXV.</strong></span> <span class='ocrx_word' id='word_1_8' title='bbox 551 467 838 509; x_wconf 82' lang='lat' dir='ltr'>Defectionis</span> <span class='ocrx_word' id='word_1_9' title='bbox 878 480 1061 508; x_wconf 83' lang='lat' dir='ltr'>causam</span> <span class='ocrx_word' id='word_1_10' title='bbox 1103 467 1282 509; x_wconf 82' lang='lat' dir='ltr'>edicere</span> <span class='ocrx_word' id='word_1_11' title='bbox 1323 471 1371 510; x_wconf 91' lang='lat' dir='ltr'>et</span> <span class='ocrx_word' id='word_1_12' title='bbox 1410 469 1582 523; x_wconf 81' lang='lat' dir='ltr'>regalia</span> <span class='ocrx_word' id='word_1_13' title='bbox 1622 469 1700 510; x_wconf 89' lang='lat' dir='ltr'>mi·</span> <span class='ocrx_word' id='word_1_14' title='bbox 1712 479 1792 515; x_wconf 81' lang='grc'>939,</span> 
     </span>
     <span class='ocr_line' id='line_1_3' title="bbox 210 523 1700 581; baseline 0.002 -15"><span class='ocrx_word' id='word_1_15' title='bbox 210 526 376 567; x_wconf 70' lang='lat' dir='ltr'>steriaa</span> <span class='ocrx_word' id='word_1_16' title='bbox 413 526 645 581; x_wconf 88' lang='lat' dir='ltr'>panderel</span> <span class='ocrx_word' id='word_1_17' title='bbox 675 539 812 580; x_wconf 87' lang='lat' dir='ltr'>super</span> <span class='ocrx_word' id='word_1_18' title='bbox 852 539 934 567; x_wconf 90' lang='lat' dir='ltr'>nos</span> <span class='ocrx_word' id='word_1_19' title='bbox 966 528 1048 574; x_wconf 82' lang='lat' dir='ltr'>est,</span> <span class='ocrx_word' id='word_1_20' title='bbox 1090 539 1248 567; x_wconf 83' lang='lat' dir='ltr'>verum</span> <span class='ocrx_word' id='word_1_21' title='bbox 1289 523 1536 570; x_wconf 83' lang='lat' dir='ltr'>historiaeb</span> <span class='ocrx_word' id='word_1_22' title='bbox 1574 528 1700 569; x_wconf 91' lang='lat' dir='ltr'>satis-</span> 
     </span>
     <span class='ocr_line' id='line_1_4' title="bbox 209 584 1698 640; baseline 0.002 -15"><span class='ocrx_word' id='word_1_23' title='bbox 209 584 472 626; x_wconf 83' lang='lat' dir='ltr'>faciendum</span> <span class='ocrx_word' id='word_1_24' title='bbox 505 584 803 635; x_wconf 80' lang='lat' dir='ltr'>arbitramur3</span> <span class='ocrx_word' id='word_1_25' title='bbox 836 584 1055 639; x_wconf 89' lang='lat' dir='ltr'>quicquid</span> <span class='ocrx_word' id='word_1_26' title='bbox 1086 585 1135 625; x_wconf 91' lang='lat' dir='ltr'>in</span> <span class='ocrx_word' id='word_1_27' title='bbox 1166 585 1252 626; x_wconf 89' lang='lat' dir='ltr'>hac</span> <span class='ocrx_word' id='word_1_28' title='bbox 1285 587 1416 639; x_wconf 88' lang='lat' dir='ltr'>parte</span> <span class='ocrx_word' id='word_1_29' title='bbox 1446 599 1698 640; x_wconf 83' lang='lat' dir='ltr'>peccemus,</span> 
     </span>
     <span class='ocr_line' id='line_1_5' title="bbox 209 643 1700 698; baseline 0.001 -14"><span class='ocrx_word' id='word_1_30' title='bbox 209 643 463 685; x_wconf 79' lang='lat' dir='ltr'>veniabile⁰</span> <span class='ocrx_word' id='word_1_31' title='bbox 506 643 578 684; x_wconf 90' lang='lat' dir='ltr'>sit.</span> <span class='ocrx_word' id='word_1_32' title='bbox 642 643 855 684; x_wconf 88' lang='lat' dir='ltr'>Summus</span> <span class='ocrx_word' id='word_1_33' title='bbox 894 643 1133 698; x_wconf 81' lang='lat' dir='ltr'>pontifex²</span> <span class='ocrx_word' id='word_1_34' title='bbox 1172 643 1335 685; x_wconf 89' lang='lat' dir='ltr'>missus</span> <span class='ocrx_word' id='word_1_35' title='bbox 1376 645 1435 685; x_wconf 85' lang='lat' dir='ltr'>ad</span> <span class='ocrx_word' id='word_1_36' title='bbox 1475 644 1700 686; x_wconf 80' lang='lat' dir='ltr'>Evurhar-</span> 
     </span>
    </p>

    <p class='ocr_par' dir='ltr' id='par_1_3' title="bbox 168 698 1701 992">
     <span class='ocr_line' id='line_1_6' title="bbox 168 698 1700 756; baseline 0.001 -14"><span class='ocrx_word' id='word_1_37' title='bbox 168 717 184 742; x_wconf 79' lang='lat'><strong>5</strong></span> <span class='ocrx_word' id='word_1_38' title='bbox 210 698 347 743; x_wconf 84' lang='lat' dir='ltr'>dumd</span> <span class='ocrx_word' id='word_1_39' title='bbox 383 715 466 756; x_wconf 89' lang='lat' dir='ltr'>pro</span> <span class='ocrx_word' id='word_1_40' title='bbox 507 702 750 743; x_wconf 87' lang='lat' dir='ltr'>concordia</span> <span class='ocrx_word' id='word_1_41' title='bbox 790 704 837 743; x_wconf 90' lang='lat' dir='ltr'>et</span> <span class='ocrx_word' id='word_1_42' title='bbox 877 715 1001 756; x_wconf 90' lang='lat' dir='ltr'>pace,</span> <span class='ocrx_word' id='word_1_43' title='bbox 1045 716 1147 744; x_wconf 87' lang='lat' dir='ltr'>cum</span> <span class='ocrx_word' id='word_1_44' title='bbox 1190 705 1309 744; x_wconf 89' lang='lat' dir='ltr'>esset</span> <span class='ocrx_word' id='word_1_45' title='bbox 1350 716 1506 744; x_wconf 88' lang='lat' dir='ltr'>earum</span> <span class='ocrx_word' id='word_1_46' title='bbox 1548 717 1700 745; x_wconf 88' lang='lat' dir='ltr'>rerum</span> 
     </span>
     <span class='ocr_line' id='line_1_7' title="bbox 210 760 1701 816; baseline 0.001 -14"><span class='ocrx_word' id='word_1_47' title='bbox 210 760 701 811; x_wconf 64' lang='lat' dir='ltr'>desiderantissimuse,</span> <span class='ocrx_word' id='word_1_48' title='bbox 735 763 871 815; x_wconf 84' lang='lat' dir='ltr'>paeto</span> <span class='ocrx_word' id='word_1_49' title='bbox 904 763 1066 802; x_wconf 88' lang='lat' dir='ltr'>mutuo</span> <span class='ocrx_word' id='word_1_50' title='bbox 1103 775 1236 802; x_wconf 91' lang='lat' dir='ltr'>suum</span> <span class='ocrx_word' id='word_1_51' title='bbox 1276 761 1555 816; x_wconf 72' lang='lat' dir='ltr'>interposuit</span> <span class='ocrx_word' id='word_1_52' title='bbox 1584 762 1701 803; x_wconf 86' lang='lat' dir='ltr'>iura-</span> 
     </span>
     <span class='ocr_line' id='line_1_8' title="bbox 209 816 1701 875; baseline 0.001 -16"><span class='ocrx_word' id='word_1_53' title='bbox 209 820 428 868; x_wconf 90' lang='lat' dir='ltr'>mentum,</span> <span class='ocrx_word' id='word_1_54' title='bbox 482 821 530 860; x_wconf 90' lang='lat' dir='ltr'>et</span> <span class='ocrx_word' id='word_1_55' title='bbox 574 819 679 861; x_wconf 89' lang='lat' dir='ltr'>ideo</span> <span class='ocrx_word' id='word_1_56' title='bbox 731 820 788 861; x_wconf 90' lang='lat' dir='ltr'>ab</span> <span class='ocrx_word' id='word_1_57' title='bbox 841 833 894 862; x_wconf 90' lang='lat' dir='ltr'>eo</span> <span class='ocrx_word' id='word_1_58' title='bbox 946 834 1039 861; x_wconf 88' lang='lat' dir='ltr'>non</span> <span class='ocrx_word' id='word_1_59' title='bbox 1090 833 1222 874; x_wconf 89' lang='lat' dir='ltr'>posse</span> <span class='ocrx_word' id='word_1_60' title='bbox 1269 816 1504 875; x_wconf 72' lang='lat' dir='ltr'>desiperes</span> <span class='ocrx_word' id='word_1_61' title='bbox 1551 821 1701 862; x_wconf 86' lang='lat' dir='ltr'>fertur</span> 
     </span>
     <span class='ocr_line' id='line_1_9' title="bbox 207 878 1701 934; baseline 0.002 -16"><span class='ocrx_word' id='word_1_62' title='bbox 207 891 428 919; x_wconf 88' lang='lat' dir='ltr'>narrasse.</span> <span class='ocrx_word' id='word_1_63' title='bbox 506 878 603 919; x_wconf 87' lang='lat' dir='ltr'>Rex</span> <span class='ocrx_word' id='word_1_64' title='bbox 649 881 804 920; x_wconf 87' lang='lat' dir='ltr'>autem</span> <span class='ocrx_word' id='word_1_65' title='bbox 850 892 931 933; x_wconf 88' lang='lat' dir='ltr'>per</span> <span class='ocrx_word' id='word_1_66' title='bbox 976 879 1239 934; x_wconf 90' lang='lat' dir='ltr'>pontificem</span> <span class='ocrx_word' id='word_1_67' title='bbox 1282 880 1436 921; x_wconf 79' lang='lat' dir='ltr'>officio</span> <span class='ocrx_word' id='word_1_68' title='bbox 1476 893 1558 921; x_wconf 88' lang='lat' dir='ltr'>suo</span> <span class='ocrx_word' id='word_1_69' title='bbox 1600 893 1701 921; x_wconf 89' lang='lat' dir='ltr'>con-</span> 
     </span>
     <span class='ocr_line' id='line_1_10' title="bbox 208 936 1698 992; baseline 0.001 -15"><span class='ocrx_word' id='word_1_70' title='bbox 208 936 451 991; x_wconf 72' lang='lat' dir='ltr'>gruentiag</span> <span class='ocrx_word' id='word_1_71' title='bbox 486 937 688 991; x_wconf 85' lang='lat' dir='ltr'>dirigens</span> <span class='ocrx_word' id='word_1_72' title='bbox 719 950 948 992; x_wconf 89' lang='lat' dir='ltr'>responsa,</span> <span class='ocrx_word' id='word_1_73' title='bbox 980 938 1048 978; x_wconf 91' lang='lat' dir='ltr'>nil</span> <span class='ocrx_word' id='word_1_74' title='bbox 1080 938 1139 979; x_wconf 88' lang='lat' dir='ltr'>ad</span> <span class='ocrx_word' id='word_1_75' title='bbox 1179 951 1226 979; x_wconf 90' lang='lat' dir='ltr'>se</span> <span class='ocrx_word' id='word_1_76' title='bbox 1267 938 1498 992; x_wconf 87' lang='lat' dir='ltr'>pertinere</span> <span class='ocrx_word' id='word_1_77' title='bbox 1538 938 1698 988; x_wconf 84' lang='lat' dir='ltr'>voluit,</span> 
     </span>
    </p>

    <p class='ocr_par' dir='ltr' id='par_1_4' title="bbox 150 995 1701 1285">
     <span class='ocr_line' id='line_1_11' title="bbox 150 995 1700 1052; baseline 0.003 -17"><span class='ocrx_word' id='word_1_78' title='bbox 150 1010 184 1035; x_wconf 84' lang='grc' dir='ltr'>ιο</span> <span class='ocrx_word' id='word_1_79' title='bbox 207 995 426 1049; x_wconf 88' lang='lat' dir='ltr'>quicquid</span> <span class='ocrx_word' id='word_1_80' title='bbox 477 996 718 1051; x_wconf 88' lang='lat' dir='ltr'>episcopus</span> <span class='ocrx_word' id='word_1_81' title='bbox 770 996 937 1050; x_wconf 75' lang='lat' dir='ltr'>egisset</span> <span class='ocrx_word' id='word_1_82' title='bbox 988 997 1086 1038; x_wconf 88' lang='lat' dir='ltr'>sine</span> <span class='ocrx_word' id='word_1_83' title='bbox 1138 1009 1219 1038; x_wconf 91' lang='lat' dir='ltr'>suo</span> <span class='ocrx_word' id='word_1_84' title='bbox 1265 997 1470 1052; x_wconf 89' lang='lat' dir='ltr'>imperio.</span> <span class='ocrx_word' id='word_1_85' title='bbox 1549 996 1700 1048; x_wconf 82' lang='lat' dir='ltr'>Quare</span> 
     </span>
     <span class='ocr_line' id='line_1_12' title="bbox 209 1054 1701 1110; baseline 0.001 -15"><span class='ocrx_word' id='word_1_86' title='bbox 209 1054 316 1108; x_wconf 87' lang='lat' dir='ltr'>quia</span> <span class='ocrx_word' id='word_1_87' title='bbox 357 1056 518 1096; x_wconf 89' lang='lat' dir='ltr'>contra</span> <span class='ocrx_word' id='word_1_88' title='bbox 558 1055 883 1097; x_wconf 84' lang='lat' dir='ltr'>auctoritatem</span> <span class='ocrx_word' id='word_1_89' title='bbox 928 1056 1026 1110; x_wconf 88' lang='lat' dir='ltr'>regi</span> <span class='ocrx_word' id='word_1_90' title='bbox 1067 1056 1198 1110; x_wconf 82' lang='lat' dir='ltr'>quasi</span> <span class='ocrx_word' id='word_1_91' title='bbox 1237 1056 1510 1110; x_wconf 87' lang='lat' dir='ltr'>precellenti</span> <span class='ocrx_word' id='word_1_92' title='bbox 1549 1056 1701 1098; x_wconf 91' lang='lat' dir='ltr'>noluit</span> 
     </span>
     <span class='ocr_line' id='line_1_13' title="bbox 209 1110 1690 1169; baseline 0.001 -15"><span class='ocrx_word' id='word_1_93' title='bbox 209 1113 356 1155; x_wconf 88' lang='lat' dir='ltr'>subici</span> <span class='ocrx_word' id='word_1_94' title='bbox 369 1112 396 1162; x_wconf 80' lang='lat'>3,</span> <span class='ocrx_word' id='word_1_95' title='bbox 450 1113 530 1155; x_wconf 89' lang='lat' dir='ltr'>sed</span> <span class='ocrx_word' id='word_1_96' title='bbox 590 1114 778 1156; x_wconf 85' lang='lat' dir='ltr'>recessit</span> <span class='ocrx_word' id='word_1_97' title='bbox 829 1110 915 1156; x_wconf 84' lang='lat' dir='ltr'>ab¹¹</span> <span class='ocrx_word' id='word_1_98' title='bbox 972 1128 1038 1164; x_wconf 94' lang='lat' dir='ltr'>eo,</span> <span class='ocrx_word' id='word_1_99' title='bbox 1091 1115 1140 1155; x_wconf 89' lang='lat' dir='ltr'>in</span> <span class='ocrx_word' id='word_1_100' title='bbox 1192 1110 1690 1169; x_wconf 81' lang='lat' dir='ltr'>Hammaburgensemi</span> 
     </span>
     <span class='ocr_line' id='line_1_14' title="bbox 209 1170 1690 1225; baseline 0.002 -13"><span class='ocrx_word' id='word_1_101' title='bbox 209 1171 398 1213; x_wconf 81' lang='lat' dir='ltr'>urbem4</span> <span class='ocrx_word' id='word_1_102' title='bbox 428 1172 559 1225; x_wconf 87' lang='lat' dir='ltr'>quasi</span> <span class='ocrx_word' id='word_1_103' title='bbox 594 1172 643 1212; x_wconf 90' lang='lat' dir='ltr'>in</span> <span class='ocrx_word' id='word_1_104' title='bbox 676 1173 864 1214; x_wconf 85' lang='lat' dir='ltr'>exilium</span> <span class='ocrx_word' id='word_1_105' title='bbox 897 1173 1165 1223; x_wconf 89' lang='lat' dir='ltr'>destinavit,</span> <span class='ocrx_word' id='word_1_106' title='bbox 1199 1170 1524 1215; x_wconf 74' lang='lat' dir='ltr'>Rothardumk</span> <span class='ocrx_word' id='word_1_107' title='bbox 1559 1170 1690 1216; x_wconf 86' lang='lat' dir='ltr'>vero¹</span> 
     </span>
     <span class='ocr_line' id='line_1_15' title="bbox 208 1230 1699 1285; baseline 0.001 -14"><span class='ocrx_word' id='word_1_108' title='bbox 208 1230 501 1285; x_wconf 87' lang='lat' dir='ltr'>episcopum⁵</span> <span class='ocrx_word' id='word_1_109' title='bbox 539 1230 717 1272; x_wconf 86' lang='lat' dir='ltr'>Novam</span> <span class='ocrx_word' id='word_1_110' title='bbox 764 1230 1005 1273; x_wconf 84' lang='lat' dir='ltr'>Corbeiam</span> <span class='ocrx_word' id='word_1_111' title='bbox 1053 1232 1232 1273; x_wconf 84' lang='lat' dir='ltr'>direxit.</span> <span class='ocrx_word' id='word_1_112' title='bbox 1316 1233 1373 1273; x_wconf 90' lang='lat' dir='ltr'>In</span> <span class='ocrx_word' id='word_1_113' title='bbox 1420 1233 1548 1275; x_wconf 90' lang='lat' dir='ltr'>brevi</span> <span class='ocrx_word' id='word_1_114' title='bbox 1592 1246 1699 1274; x_wconf 86' lang='lat' dir='ltr'>vero</span> 
     </span>
    </p>

    <p class='ocr_par' dir='ltr' id='par_1_5' title="bbox 150 1289 1695 1345">
     <span class='ocr_line' id='line_1_16' title="bbox 150 1289 1695 1345; baseline 0.002 -16"><span class='ocrx_word' id='word_1_115' title='bbox 150 1303 183 1328; x_wconf 87' lang='lat'>15</span> <span class='ocrx_word' id='word_1_116' title='bbox 208 1289 456 1343; x_wconf 81' lang='lat' dir='ltr'>utrisquem</span> <span class='ocrx_word' id='word_1_117' title='bbox 497 1289 748 1332; x_wconf 87' lang='lat' dir='ltr'>elementer</span> <span class='ocrx_word' id='word_1_118' title='bbox 786 1290 997 1344; x_wconf 82' lang='lat' dir='ltr'>ignoscit,</span> <span class='ocrx_word' id='word_1_119' title='bbox 1045 1291 1094 1331; x_wconf 90' lang='lat' dir='ltr'>in</span> <span class='ocrx_word' id='word_1_120' title='bbox 1135 1291 1206 1332; x_wconf 89' lang='lat' dir='ltr'>sui</span> <span class='ocrx_word' id='word_1_121' title='bbox 1246 1291 1443 1345; x_wconf 84' lang='lat' dir='ltr'>gratiam</span> <span class='ocrx_word' id='word_1_122' title='bbox 1475 1292 1695 1345; x_wconf 88' lang='lat' dir='ltr'>suscipitn</span> 
     </span>
    </p>

    <p class='ocr_par' dir='ltr' id='par_1_6' title="bbox 208 1348 952 1402">
     <span class='ocr_line' id='line_1_17' title="bbox 208 1348 952 1402; baseline -0.001 -12"><span class='ocrx_word' id='word_1_123' title='bbox 208 1350 255 1390; x_wconf 92' lang='lat' dir='ltr'>et</span> <span class='ocrx_word' id='word_1_124' title='bbox 286 1348 451 1390; x_wconf 88' lang='lat' dir='ltr'>honori</span> <span class='ocrx_word' id='word_1_125' title='bbox 482 1348 676 1402; x_wconf 87' lang='lat' dir='ltr'>pristino</span> <span class='ocrx_word' id='word_1_126' title='bbox 707 1349 911 1391; x_wconf 86' lang='lat' dir='ltr'>reddidit</span> <span class='ocrx_word' id='word_1_127' title='bbox 924 1348 952 1389; x_wconf 72' lang='lat'>⁶.</span> 
     </span>
    </p>
   </div>
   <div class='ocr_carea' id='block_1_3' title="bbox 151 1429 1700 1839">
    <p class='ocr_par' dir='ltr' id='par_1_7' title="bbox 208 1429 1700 1604">
     <span class='ocr_line' id='line_1_18' title="bbox 349 1429 1700 1487; baseline 0.002 -16"><span class='ocrx_word' id='word_1_128' title='bbox 349 1429 523 1471; x_wconf 89' lang='lat' dir='ltr'>XXVI.</span> <span class='ocrx_word' id='word_1_129' title='bbox 583 1430 658 1471; x_wconf 92' lang='lat' dir='ltr'>Ad</span> <span class='ocrx_word' id='word_1_130' title='bbox 694 1432 1019 1473; x_wconf 88' lang='lat' dir='ltr'>coercendam⁰</span> <span class='ocrx_word' id='word_1_131' title='bbox 1055 1431 1200 1486; x_wconf 86' lang='lat' dir='ltr'>igitur</span> <span class='ocrx_word' id='word_1_132' title='bbox 1237 1432 1433 1474; x_wconf 77' lang='lat' dir='ltr'>ducuml&#39;</span> <span class='ocrx_word' id='word_1_133' title='bbox 1470 1446 1700 1487; x_wconf 90' lang='lat' dir='ltr'>presump-</span> 
     </span>
     <span class='ocr_line' id='line_1_19' title="bbox 208 1489 1700 1533; baseline 0.002 -3"><span class='ocrx_word' id='word_1_134' title='bbox 208 1489 382 1531; x_wconf 87' lang='lat' dir='ltr'>tionem</span> <span class='ocrx_word' id='word_1_135' title='bbox 414 1489 577 1530; x_wconf 82' lang='lat' dir='ltr'>missus</span> <span class='ocrx_word' id='word_1_136' title='bbox 612 1489 964 1531; x_wconf 70' lang='lat' dir='ltr'>Herimannusq·</span> <span class='ocrx_word' id='word_1_137' title='bbox 982 1490 995 1514; x_wconf 91' lang='lat'>⁷</span> <span class='ocrx_word' id='word_1_138' title='bbox 1035 1504 1136 1532; x_wconf 91' lang='lat' dir='ltr'>cum</span> <span class='ocrx_word' id='word_1_139' title='bbox 1172 1491 1375 1533; x_wconf 85' lang='lat' dir='ltr'>exercitu</span> <span class='ocrx_word' id='word_1_140' title='bbox 1415 1491 1592 1533; x_wconf 90' lang='lat' dir='ltr'>invenit</span> <span class='ocrx_word' id='word_1_141' title='bbox 1625 1505 1700 1533; x_wconf 86' lang='lat' dir='ltr'>eos</span> 
     </span>
     <span class='ocr_line' id='line_1_20' title="bbox 210 1547 1698 1604; baseline 0.002 -15"><span class='ocrx_word' id='word_1_142' title='bbox 210 1561 345 1602; x_wconf 87' lang='lat' dir='ltr'>super</span> <span class='ocrx_word' id='word_1_143' title='bbox 376 1547 488 1589; x_wconf 90' lang='lat' dir='ltr'>litus</span> <span class='ocrx_word' id='word_1_144' title='bbox 519 1548 649 1598; x_wconf 90' lang='lat' dir='ltr'>Reni,</span> <span class='ocrx_word' id='word_1_145' title='bbox 683 1562 986 1603; x_wconf 85' lang='lat' dir='ltr'>magnamque</span> <span class='ocrx_word' id='word_1_146' title='bbox 1018 1551 1194 1604; x_wconf 87' lang='lat' dir='ltr'>partem</span> <span class='ocrx_word' id='word_1_147' title='bbox 1235 1550 1490 1592; x_wconf 75' lang='lat' dir='ltr'>exereitusr</span> <span class='ocrx_word' id='word_1_148' title='bbox 1527 1551 1698 1600; x_wconf 87' lang='lat' dir='ltr'>abesse,</span> 
     </span>
    </p>

    <p class='ocr_par' dir='ltr' id='par_1_8' title="bbox 151 1607 1700 1839">
     <span class='ocr_line' id='line_1_21' title="bbox 151 1607 1700 1663; baseline 0.003 -17"><span class='ocrx_word' id='word_1_149' title='bbox 151 1620 186 1645; x_wconf 81' lang='lat'>20</span> <span class='ocrx_word' id='word_1_150' title='bbox 210 1620 263 1648; x_wconf 91' lang='lat' dir='ltr'>eo</span> <span class='ocrx_word' id='word_1_151' title='bbox 295 1607 417 1661; x_wconf 91' lang='lat' dir='ltr'>quod</span> <span class='ocrx_word' id='word_1_152' title='bbox 447 1607 539 1648; x_wconf 88' lang='lat' dir='ltr'>iam</span> <span class='ocrx_word' id='word_1_153' title='bbox 570 1607 751 1649; x_wconf 89' lang='lat' dir='ltr'>Renum</span> <span class='ocrx_word' id='word_1_154' title='bbox 793 1621 896 1649; x_wconf 90' lang='lat' dir='ltr'>cum</span> <span class='ocrx_word' id='word_1_155' title='bbox 938 1609 1080 1663; x_wconf 90' lang='lat' dir='ltr'>preda</span> <span class='ocrx_word' id='word_1_156' title='bbox 1118 1609 1438 1651; x_wconf 58' lang='lat' dir='ltr'>transissent-³.</span> <span class='ocrx_word' id='word_1_157' title='bbox 1503 1609 1700 1651; x_wconf 84' lang='lat' dir='ltr'>Circum-</span> 
     </span>
     <span class='ocr_line' id='line_1_22' title="bbox 209 1666 1700 1721; baseline 0.002 -15"><span class='ocrx_word' id='word_1_158' title='bbox 209 1666 340 1707; x_wconf 79' lang='lat' dir='ltr'>fusus</span> <span class='ocrx_word' id='word_1_159' title='bbox 371 1666 528 1720; x_wconf 91' lang='lat' dir='ltr'>itaque</span> <span class='ocrx_word' id='word_1_160' title='bbox 561 1666 653 1706; x_wconf 86' lang='lat' dir='ltr'>dux</span> <span class='ocrx_word' id='word_1_161' title='bbox 673 1667 770 1721; x_wconf 90' lang='lat' dir='ltr'>ipse</span> <span class='ocrx_word' id='word_1_162' title='bbox 792 1666 1115 1708; x_wconf 77' lang='lat' dir='ltr'>Evurhardust</span> <span class='ocrx_word' id='word_1_163' title='bbox 1147 1668 1347 1709; x_wconf 89' lang='lat' dir='ltr'>militum</span> <span class='ocrx_word' id='word_1_164' title='bbox 1368 1668 1518 1715; x_wconf 79' lang='lat' dir='ltr'>armis,</span> <span class='ocrx_word' id='word_1_165' title='bbox 1542 1668 1700 1709; x_wconf 90' lang='lat' dir='ltr'>multis</span> 
     </span>
     <span class='ocr_line' id='line_1_23' title="bbox 209 1724 1700 1781; baseline 0.002 -16"><span class='ocrx_word' id='word_1_166' title='bbox 209 1724 475 1766; x_wconf 83' lang='lat' dir='ltr'>vulneribus</span> <span class='ocrx_word' id='word_1_167' title='bbox 508 1725 708 1779; x_wconf 88' lang='lat' dir='ltr'>acceptis</span> <span class='ocrx_word' id='word_1_168' title='bbox 741 1739 793 1767; x_wconf 87' lang='lat' dir='ltr'>ac</span> <span class='ocrx_word' id='word_1_169' title='bbox 814 1725 1010 1768; x_wconf 83' lang='lat' dir='ltr'>viriliter</span> <span class='ocrx_word' id='word_1_170' title='bbox 1030 1726 1235 1775; x_wconf 79' lang='lat' dir='ltr'>redditis,</span> <span class='ocrx_word' id='word_1_171' title='bbox 1259 1727 1490 1781; x_wconf 81' lang='lat' dir='ltr'>perfossus</span> <span class='ocrx_word' id='word_1_172' title='bbox 1511 1728 1700 1769; x_wconf 89' lang='lat' dir='ltr'>tandem</span> 
     </span>
     <span class='ocr_line' id='line_1_24' title="bbox 210 1782 1699 1839; baseline 0.001 -15"><span class='ocrx_word' id='word_1_173' title='bbox 210 1782 316 1825; x_wconf 90' lang='lat' dir='ltr'>telis</span> <span class='ocrx_word' id='word_1_174' title='bbox 358 1783 544 1825; x_wconf 87' lang='lat' dir='ltr'>corruit.</span> <span class='ocrx_word' id='word_1_175' title='bbox 607 1783 914 1826; x_wconf 81' lang='lat' dir='ltr'>Isilberhtusu</span> <span class='ocrx_word' id='word_1_176' title='bbox 950 1787 1104 1827; x_wconf 86' lang='lat' dir='ltr'>autem</span> <span class='ocrx_word' id='word_1_177' title='bbox 1142 1785 1328 1839; x_wconf 85' lang='lat' dir='ltr'>fugiens</span> <span class='ocrx_word' id='word_1_178' title='bbox 1368 1790 1560 1828; x_wconf 77' lang='lat' dir='ltr'>navemv</span> <span class='ocrx_word' id='word_1_179' title='bbox 1597 1800 1699 1827; x_wconf 88' lang='lat' dir='ltr'>cum</span> 
     </span>
    </p>
   </div>
   <div class='ocr_carea' id='block_1_4' title="bbox 151 1931 1704 2317">
    <p class='ocr_par' dir='ltr' id='par_1_9' title="bbox 210 1931 1702 1966">
     <span class='ocr_line' id='line_1_25' title="bbox 210 1931 1702 1966; baseline 0.002 -9"><span class='ocrx_word' id='word_1_180' title='bbox 210 1931 240 1965; x_wconf 86' lang='lat' dir='ltr'>a)</span> <span class='ocrx_word' id='word_1_181' title='bbox 258 1935 345 1965; x_wconf 80' lang='lat' dir='ltr'>myst.</span> <span class='ocrx_word' id='word_1_182' title='bbox 364 1933 399 1960; x_wconf 70' lang='lat' dir='ltr'>A.</span> <span class='ocrx_word' id='word_1_183' title='bbox 414 1933 476 1960; x_wconf 73' lang='lat'>32.</span> <span class='ocrx_word' id='word_1_184' title='bbox 542 1933 572 1964; x_wconf 93' lang='lat' dir='ltr'>b)</span> <span class='ocrx_word' id='word_1_185' title='bbox 592 1933 670 1966; x_wconf 86' lang='lat' dir='ltr'>hyst.</span> <span class='ocrx_word' id='word_1_186' title='bbox 690 1935 724 1961; x_wconf 74' lang='lat' dir='ltr'>A.</span> <span class='ocrx_word' id='word_1_187' title='bbox 741 1934 767 1958; x_wconf 90' lang='grc' dir='ltr'><em>Β</em></span> <span class='ocrx_word' id='word_1_188' title='bbox 778 1935 804 1959; x_wconf 90' lang='grc'>1.</span> <span class='ocrx_word' id='word_1_189' title='bbox 872 1935 899 1964; x_wconf 86' lang='lat' dir='ltr'>c)</span> <span class='ocrx_word' id='word_1_190' title='bbox 918 1934 1035 1959; x_wconf 81' lang='lat' dir='ltr'>ueniale</span> <span class='ocrx_word' id='word_1_191' title='bbox 1054 1935 1080 1959; x_wconf 91' lang='grc' dir='ltr'><strong><em>Β</em></strong></span> <span class='ocrx_word' id='word_1_192' title='bbox 1091 1935 1115 1962; x_wconf 87' lang='lat'>1.</span> <span class='ocrx_word' id='word_1_193' title='bbox 1183 1933 1214 1966; x_wconf 89' lang='lat' dir='ltr'>d)</span> <span class='ocrx_word' id='word_1_194' title='bbox 1230 1935 1428 1961; x_wconf 82' lang='lat' dir='ltr'>euuthardum</span> <span class='ocrx_word' id='word_1_195' title='bbox 1448 1943 1524 1962; x_wconf 79' lang='lat' dir='ltr'>corr.</span> <span class='ocrx_word' id='word_1_196' title='bbox 1547 1935 1650 1963; x_wconf 78' lang='lat' dir='ltr'>eum-h.</span> <span class='ocrx_word' id='word_1_197' title='bbox 1664 1935 1702 1966; x_wconf 79' lang='grc'>0,·</span> 
     </span>
    </p>

    <p class='ocr_par' dir='ltr' id='par_1_10' title="bbox 151 1965 1704 2144">
     <span class='ocr_line' id='line_1_26' title="bbox 151 1965 1702 2002; baseline 0.003 -10"><span class='ocrx_word' id='word_1_198' title='bbox 151 1965 186 1991; x_wconf 83' lang='lat'>25</span> <span class='ocrx_word' id='word_1_199' title='bbox 211 1966 411 1993; x_wconf 82' lang='lat' dir='ltr'>euerhardum</span> <span class='ocrx_word' id='word_1_200' title='bbox 430 1969 466 1993; x_wconf 74' lang='lat' dir='ltr'>A.</span> <span class='ocrx_word' id='word_1_201' title='bbox 487 1968 514 1993; x_wconf 86' lang='lat' dir='ltr'><em>B</em></span> <span class='ocrx_word' id='word_1_202' title='bbox 526 1968 551 1995; x_wconf 83' lang='lat'>2.</span> <span class='ocrx_word' id='word_1_203' title='bbox 571 1969 662 1994; x_wconf 71' lang='lat' dir='ltr'>Saxo.</span> <span class='ocrx_word' id='word_1_204' title='bbox 737 1970 765 1999; x_wconf 87' lang='lat' dir='ltr'>e)</span> <span class='ocrx_word' id='word_1_205' title='bbox 784 1967 1052 1995; x_wconf 77' lang='lat' dir='ltr'>desideratissimus</span> <span class='ocrx_word' id='word_1_206' title='bbox 1071 1971 1107 1997; x_wconf 75' lang='lat' dir='ltr'>A.</span> <span class='ocrx_word' id='word_1_207' title='bbox 1125 1970 1188 2002; x_wconf 68' lang='grc' dir='ltr'>ΒΞ,</span> <span class='ocrx_word' id='word_1_208' title='bbox 1202 1971 1306 2002; x_wconf 75' lang='lat' dir='ltr'>prima</span> <span class='ocrx_word' id='word_1_209' title='bbox 1325 1978 1413 1995; x_wconf 83' lang='lat' dir='ltr'>manu</span> <span class='ocrx_word' id='word_1_210' title='bbox 1432 1978 1510 1998; x_wconf 81' lang='lat' dir='ltr'>corr.</span> <span class='ocrx_word' id='word_1_211' title='bbox 1531 1970 1702 1996; x_wconf 82' lang='lat' dir='ltr'>desiderau-</span> 
     </span>
     <span class='ocr_line' id='line_1_27' title="bbox 211 2003 1704 2037; baseline 0.003 -10"><span class='ocrx_word' id='word_1_212' title='bbox 211 2003 338 2028; x_wconf 80' lang='lat' dir='ltr'>tissimus</span> <span class='ocrx_word' id='word_1_213' title='bbox 357 2003 389 2028; x_wconf 79' lang='lat' dir='ltr'>C.</span> <span class='ocrx_word' id='word_1_214' title='bbox 461 2004 486 2036; x_wconf 84' lang='lat' dir='ltr'>f)</span> <span class='ocrx_word' id='word_1_215' title='bbox 506 2004 547 2028; x_wconf 72' lang='lat' dir='ltr'>sic</span> <span class='ocrx_word' id='word_1_216' title='bbox 566 2004 739 2035; x_wconf 65' lang='lat' dir='ltr'>ineptissime</span> <span class='ocrx_word' id='word_1_217' title='bbox 758 2005 792 2029; x_wconf 71' lang='lat' dir='ltr'>in.</span> <span class='ocrx_word' id='word_1_218' title='bbox 811 2005 964 2037; x_wconf 76' lang='lat' dir='ltr'>archetypo</span> <span class='ocrx_word' id='word_1_219' title='bbox 983 2006 1121 2037; x_wconf 71' lang='lat' dir='ltr'>scriptum</span> <span class='ocrx_word' id='word_1_220' title='bbox 1139 2006 1230 2036; x_wconf 67' lang='lat' dir='ltr'>fui-sse</span> <span class='ocrx_word' id='word_1_221' title='bbox 1248 2013 1384 2031; x_wconf 67' lang='lat' dir='ltr'>consensu</span> <span class='ocrx_word' id='word_1_222' title='bbox 1401 2007 1528 2031; x_wconf 77' lang='lat' dir='ltr'>codicum</span> <span class='ocrx_word' id='word_1_223' title='bbox 1548 2007 1583 2034; x_wconf 72' lang='lat' dir='ltr'>A.</span> <span class='ocrx_word' id='word_1_224' title='bbox 1601 2007 1628 2031; x_wconf 90' lang='grc' dir='ltr'><em>Β</em></span> <span class='ocrx_word' id='word_1_225' title='bbox 1640 2008 1666 2032; x_wconf 92' lang='grc'>1.</span> <span class='ocrx_word' id='word_1_226' title='bbox 1680 2007 1704 2031; x_wconf 84' lang='lat' dir='ltr'>C</span> 
     </span>
     <span class='ocr_line' id='line_1_28' title="bbox 211 2037 1702 2072; baseline 0.003 -10"><span class='ocrx_word' id='word_1_227' title='bbox 211 2041 236 2062; x_wconf 78' lang='lat' dir='ltr'>et</span> <span class='ocrx_word' id='word_1_228' title='bbox 255 2038 383 2062; x_wconf 71' lang='lat' dir='ltr'>Saxonis</span> <span class='ocrx_word' id='word_1_229' title='bbox 401 2039 555 2069; x_wconf 75' lang='lat' dir='ltr'>evincitur,-</span> <span class='ocrx_word' id='word_1_230' title='bbox 574 2037 698 2064; x_wconf 82' lang='lat' dir='ltr'>deficere</span> <span class='ocrx_word' id='word_1_231' title='bbox 717 2040 744 2064; x_wconf 88' lang='lat' dir='ltr'><em>B</em></span> <span class='ocrx_word' id='word_1_232' title='bbox 756 2040 783 2071; x_wconf 78' lang='lat'>2,</span> <span class='ocrx_word' id='word_1_233' title='bbox 803 2040 968 2065; x_wconf 78' lang='lat' dir='ltr'>emendante</span> <span class='ocrx_word' id='word_1_234' title='bbox 985 2041 1090 2072; x_wconf 73' lang='lat' dir='ltr'>procul</span> <span class='ocrx_word' id='word_1_235' title='bbox 1107 2041 1193 2066; x_wconf 79' lang='lat' dir='ltr'>dubio</span> <span class='ocrx_word' id='word_1_236' title='bbox 1212 2042 1329 2067; x_wconf 73' lang='lat' dir='ltr'>editore.</span> <span class='ocrx_word' id='word_1_237' title='bbox 1365 2042 1441 2072; x_wconf 72' lang='lat' dir='ltr'>Quid</span> <span class='ocrx_word' id='word_1_238' title='bbox 1462 2042 1653 2066; x_wconf 69' lang='lat' dir='ltr'>Widukindus</span> <span class='ocrx_word' id='word_1_239' title='bbox 1672 2042 1702 2066; x_wconf 81' lang='lat' dir='ltr'>in</span> 
     </span>
     <span class='ocr_line' id='line_1_29' title="bbox 212 2073 1702 2110; baseline 0.003 -13"><span class='ocrx_word' id='word_1_240' title='bbox 212 2074 310 2098; x_wconf 73' lang='lat' dir='ltr'>animo</span> <span class='ocrx_word' id='word_1_241' title='bbox 327 2073 475 2105; x_wconf 75' lang='lat' dir='ltr'>habuerit,</span> <span class='ocrx_word' id='word_1_242' title='bbox 496 2081 534 2098; x_wconf 79' lang='lat' dir='ltr'>an</span> <span class='ocrx_word' id='word_1_243' title='bbox 553 2074 718 2100; x_wconf 82' lang='lat' dir='ltr'>desciscere</span> <span class='ocrx_word' id='word_1_244' title='bbox 738 2082 776 2099; x_wconf 80' lang='lat' dir='ltr'>an</span> <span class='ocrx_word' id='word_1_245' title='bbox 795 2075 952 2110; x_wconf 77' lang='lat' dir='ltr'>desistere,</span> <span class='ocrx_word' id='word_1_246' title='bbox 977 2078 1007 2100; x_wconf 79' lang='lat' dir='ltr'>ut</span> <span class='ocrx_word' id='word_1_247' title='bbox 1026 2076 1062 2101; x_wconf 77' lang='lat' dir='ltr'>G.</span> <span class='ocrx_word' id='word_1_248' title='bbox 1083 2076 1174 2100; x_wconf 74' lang='lat' dir='ltr'>Waite</span> <span class='ocrx_word' id='word_1_249' title='bbox 1191 2077 1323 2108; x_wconf 68' lang='lat' dir='ltr'>coniecit,</span> <span class='ocrx_word' id='word_1_250' title='bbox 1349 2077 1532 2108; x_wconf 73' lang='lat' dir='ltr'>relinquatur</span> <span class='ocrx_word' id='word_1_251' title='bbox 1550 2077 1581 2101; x_wconf 77' lang='lat' dir='ltr'>in</span> <span class='ocrx_word' id='word_1_252' title='bbox 1599 2078 1702 2104; x_wconf 78' lang='lat' dir='ltr'>medio.</span> 
     </span>
     <span class='ocr_line' id='line_1_30' title="bbox 211 2108 1701 2144; baseline 0.002 -11"><span class='ocrx_word' id='word_1_253' title='bbox 211 2108 241 2141; x_wconf 83' lang='lat' dir='ltr'>g)</span> <span class='ocrx_word' id='word_1_254' title='bbox 266 2115 396 2140; x_wconf 87' lang='lat' dir='ltr'>congrua</span> <span class='ocrx_word' id='word_1_255' title='bbox 415 2108 504 2136; x_wconf 72' lang='lat' dir='ltr'>Saxo.</span> <span class='ocrx_word' id='word_1_256' title='bbox 583 2109 614 2140; x_wconf 88' lang='lat' dir='ltr'>h)</span> <span class='ocrx_word' id='word_1_257' title='bbox 639 2109 677 2134; x_wconf 84' lang='lat' dir='ltr'>ab</span> <span class='ocrx_word' id='word_1_258' title='bbox 696 2116 730 2134; x_wconf 91' lang='lat' dir='ltr'>eo</span> <span class='ocrx_word' id='word_1_259' title='bbox 755 2117 810 2138; x_wconf 84' lang='lat' dir='ltr'>om.</span> <span class='ocrx_word' id='word_1_260' title='bbox 828 2110 854 2135; x_wconf 92' lang='lat' dir='ltr'><em>B</em></span> <span class='ocrx_word' id='word_1_261' title='bbox 868 2112 894 2137; x_wconf 87' lang='lat'>1.</span> <span class='ocrx_word' id='word_1_262' title='bbox 963 2111 985 2141; x_wconf 90' lang='lat' dir='ltr'>i)</span> <span class='ocrx_word' id='word_1_263' title='bbox 1010 2111 1050 2135; x_wconf 66' lang='lat' dir='ltr'>stc</span> <span class='ocrx_word' id='word_1_264' title='bbox 1069 2113 1112 2141; x_wconf 78' lang='lat' dir='ltr'>A;</span> <span class='ocrx_word' id='word_1_265' title='bbox 1137 2111 1451 2144; x_wconf 75' lang='lat' dir='ltr'>hammenburgensem</span> <span class='ocrx_word' id='word_1_266' title='bbox 1470 2112 1539 2144; x_wconf 82' lang='lat' dir='ltr'>B1;</span> <span class='ocrx_word' id='word_1_267' title='bbox 1563 2113 1701 2137; x_wconf 82' lang='lat' dir='ltr'>Homma-</span> 
     </span>
    </p>

    <p class='ocr_par' dir='ltr' id='par_1_11' title="bbox 152 2142 1702 2317">
     <span class='ocr_line' id='line_1_31' title="bbox 152 2142 1702 2181; baseline 0.003 -14"><span class='ocrx_word' id='word_1_268' title='bbox 152 2142 187 2167; x_wconf 77' lang='lat'>30</span> <span class='ocrx_word' id='word_1_269' title='bbox 211 2144 409 2176; x_wconf 82' lang='lat' dir='ltr'>burg-nensem</span> <span class='ocrx_word' id='word_1_270' title='bbox 422 2144 490 2176; x_wconf 77' lang='lat'>1323</span> <span class='ocrx_word' id='word_1_271' title='bbox 511 2144 826 2175; x_wconf 70' lang='lat' dir='ltr'>hammaburgnensem</span> <span class='ocrx_word' id='word_1_272' title='bbox 839 2146 870 2172; x_wconf 82' lang='lat' dir='ltr'>C.</span> <span class='ocrx_word' id='word_1_273' title='bbox 926 2145 958 2178; x_wconf 83' lang='lat' dir='ltr'>k)</span> <span class='ocrx_word' id='word_1_274' title='bbox 976 2145 1152 2171; x_wconf 78' lang='lat' dir='ltr'>ruthardum</span> <span class='ocrx_word' id='word_1_275' title='bbox 1165 2147 1208 2177; x_wconf 73' lang='lat' dir='ltr'>A,·</span> <span class='ocrx_word' id='word_1_276' title='bbox 1227 2146 1440 2172; x_wconf 84' lang='lat' dir='ltr'>Ruodhardtun</span> <span class='ocrx_word' id='word_1_277' title='bbox 1455 2147 1482 2171; x_wconf 91' lang='grc' dir='ltr'><em>Β</em></span> <span class='ocrx_word' id='word_1_278' title='bbox 1492 2147 1517 2174; x_wconf 78' lang='lat'>2.</span> <span class='ocrx_word' id='word_1_279' title='bbox 1572 2147 1596 2181; x_wconf 83' lang='lat'>1)</span> <span class='ocrx_word' id='word_1_280' title='bbox 1614 2148 1702 2179; x_wconf 78' lang='lat' dir='ltr'>episc.</span> 
     </span>
     <span class='ocr_line' id='line_1_32' title="bbox 211 2179 1702 2214; baseline 0.003 -11"><span class='ocrx_word' id='word_1_281' title='bbox 211 2185 284 2203; x_wconf 88' lang='lat' dir='ltr'>uero</span> <span class='ocrx_word' id='word_1_282' title='bbox 303 2179 365 2204; x_wconf 69' lang='grc' dir='ltr'>ΒΞ.</span> <span class='ocrx_word' id='word_1_283' title='bbox 432 2179 474 2212; x_wconf 86' lang='lat' dir='ltr'>m)</span> <span class='ocrx_word' id='word_1_284' title='bbox 493 2180 611 2210; x_wconf 81' lang='lat' dir='ltr'>utrique</span> <span class='ocrx_word' id='word_1_285' title='bbox 630 2180 692 2207; x_wconf 86' lang='grc' dir='ltr'>Β1.</span> <span class='ocrx_word' id='word_1_286' title='bbox 759 2179 792 2214; x_wconf 87' lang='lat' dir='ltr'>n)</span> <span class='ocrx_word' id='word_1_287' title='bbox 811 2181 943 2213; x_wconf 82' lang='lat' dir='ltr'>suscepit</span> <span class='ocrx_word' id='word_1_288' title='bbox 960 2182 1023 2208; x_wconf 89' lang='grc' dir='ltr'>Β1.</span> <span class='ocrx_word' id='word_1_289' title='bbox 1036 2182 1068 2214; x_wconf 86' lang='grc'>2;</span> <span class='ocrx_word' id='word_1_290' title='bbox 1089 2183 1201 2213; x_wconf 83' lang='lat' dir='ltr'>recepit</span> <span class='ocrx_word' id='word_1_291' title='bbox 1220 2182 1311 2209; x_wconf 73' lang='lat' dir='ltr'>Saxo.</span> <span class='ocrx_word' id='word_1_292' title='bbox 1380 2184 1410 2213; x_wconf 92' lang='lat' dir='ltr'>o)</span> <span class='ocrx_word' id='word_1_293' title='bbox 1429 2183 1622 2208; x_wconf 81' lang='lat' dir='ltr'>coercendum</span> <span class='ocrx_word' id='word_1_294' title='bbox 1640 2183 1702 2210; x_wconf 88' lang='grc' dir='ltr'>Β1.</span> 
     </span>
     <span class='ocr_line' id='line_1_33' title="bbox 210 2214 1701 2250; baseline 0.003 -12"><span class='ocrx_word' id='word_1_295' title='bbox 210 2215 241 2246; x_wconf 88' lang='lat' dir='ltr'>p)</span> <span class='ocrx_word' id='word_1_296' title='bbox 260 2214 341 2239; x_wconf 84' lang='lat' dir='ltr'>ducis</span> <span class='ocrx_word' id='word_1_297' title='bbox 360 2215 421 2241; x_wconf 89' lang='grc' dir='ltr'>Β1.</span> <span class='ocrx_word' id='word_1_298' title='bbox 494 2216 525 2246; x_wconf 85' lang='lat' dir='ltr'>q)</span> <span class='ocrx_word' id='word_1_299' title='bbox 543 2215 722 2240; x_wconf 77' lang='lat' dir='ltr'>hermannus</span> <span class='ocrx_word' id='word_1_300' title='bbox 741 2216 777 2247; x_wconf 72' lang='lat' dir='ltr'>A,</span> <span class='ocrx_word' id='word_1_301' title='bbox 796 2216 880 2240; x_wconf 67' lang='lat' dir='ltr'>sicuti</span> <span class='ocrx_word' id='word_1_302' title='bbox 898 2223 1017 2248; x_wconf 76' lang='lat' dir='ltr'>semper.</span> <span class='ocrx_word' id='word_1_303' title='bbox 1086 2218 1112 2247; x_wconf 93' lang='lat' dir='ltr'>r)</span> <span class='ocrx_word' id='word_1_304' title='bbox 1131 2219 1278 2243; x_wconf 83' lang='lat' dir='ltr'>exereitus</span> <span class='ocrx_word' id='word_1_305' title='bbox 1298 2225 1354 2244; x_wconf 87' lang='lat' dir='ltr'>om.</span> <span class='ocrx_word' id='word_1_306' title='bbox 1368 2218 1429 2244; x_wconf 88' lang='grc' dir='ltr'>Β1.</span> <span class='ocrx_word' id='word_1_307' title='bbox 1503 2218 1527 2250; x_wconf 85' lang='lat' dir='ltr'>s)</span> <span class='ocrx_word' id='word_1_308' title='bbox 1546 2219 1701 2243; x_wconf 80' lang='lat' dir='ltr'>transisset</span> 
     </span>
     <span class='ocr_line' id='line_1_34' title="bbox 210 2248 1701 2286; baseline 0.003 -12"><span class='ocrx_word' id='word_1_309' title='bbox 210 2250 237 2274; x_wconf 89' lang='lat' dir='ltr'><em>B</em></span> <span class='ocrx_word' id='word_1_310' title='bbox 250 2250 275 2276; x_wconf 86' lang='lat'>1.</span> <span class='ocrx_word' id='word_1_311' title='bbox 359 2250 382 2282; x_wconf 86' lang='lat' dir='ltr'>t)</span> <span class='ocrx_word' id='word_1_312' title='bbox 408 2248 592 2275; x_wconf 85' lang='lat' dir='ltr'>euerhardus</span> <span class='ocrx_word' id='word_1_313' title='bbox 611 2251 646 2277; x_wconf 77' lang='lat' dir='ltr'>A.</span> <span class='ocrx_word' id='word_1_314' title='bbox 665 2251 691 2275; x_wconf 88' lang='grc' dir='ltr'><em>Β</em></span> <span class='ocrx_word' id='word_1_315' title='bbox 705 2251 731 2279; x_wconf 85' lang='grc'>2.</span> <span class='ocrx_word' id='word_1_316' title='bbox 750 2251 841 2276; x_wconf 76' lang='lat' dir='ltr'>Saxo.</span> <span class='ocrx_word' id='word_1_317' title='bbox 926 2252 957 2284; x_wconf 76' lang='grc' dir='ltr'>ιι)</span> <span class='ocrx_word' id='word_1_318' title='bbox 983 2248 1114 2278; x_wconf 73' lang='lat' dir='ltr'>Isilb⁴tus</span> <span class='ocrx_word' id='word_1_319' title='bbox 1134 2254 1178 2283; x_wconf 82' lang='grc' dir='ltr'>Δ,·</span> <span class='ocrx_word' id='word_1_320' title='bbox 1199 2253 1385 2279; x_wconf 82' lang='lat' dir='ltr'>Giselbertus</span> <span class='ocrx_word' id='word_1_321' title='bbox 1403 2253 1431 2278; x_wconf 89' lang='lat' dir='ltr'><em>B</em></span> <span class='ocrx_word' id='word_1_322' title='bbox 1444 2254 1475 2286; x_wconf 81' lang='lat'>2;</span> <span class='ocrx_word' id='word_1_323' title='bbox 1495 2253 1644 2279; x_wconf 82' lang='lat' dir='ltr'>isberhtus</span> <span class='ocrx_word' id='word_1_324' title='bbox 1663 2254 1701 2284; x_wconf 88' lang='lat' dir='ltr'>C,·</span> 
     </span>
     <span class='ocr_line' id='line_1_35' title="bbox 210 2284 790 2317; baseline 0.003 -8"><span class='ocrx_word' id='word_1_325' title='bbox 210 2284 381 2317; x_wconf 78' lang='lat' dir='ltr'>gisilbertus</span> <span class='ocrx_word' id='word_1_326' title='bbox 400 2285 488 2312; x_wconf 75' lang='lat' dir='ltr'>Saxo.</span> <span class='ocrx_word' id='word_1_327' title='bbox 561 2287 591 2317; x_wconf 87' lang='lat' dir='ltr'>v)</span> <span class='ocrx_word' id='word_1_328' title='bbox 610 2286 710 2311; x_wconf 85' lang='lat' dir='ltr'>nauim</span> <span class='ocrx_word' id='word_1_329' title='bbox 728 2287 790 2314; x_wconf 85' lang='grc' dir='ltr'>Β1.</span> 
     </span>
    </p>
   </div>
   <div class='ocr_carea' id='block_1_5' title="bbox 0 0 63 2222">
    <p class='ocr_par' dir='ltr' id='par_1_12' title="bbox 0 0 63 2222">
     <span class='ocr_line' id='line_1_36' title="bbox 0 0 63 2222; baseline 0 0"><span class='ocrx_word' id='word_1_330' title='bbox 0 0 63 2222; x_wconf 95' lang='lat' dir='ltr'> </span> 
     </span>
    </p>
   </div>
   <div class='ocr_carea' id='block_1_6' title="bbox 152 2413 1705 3027">
    <p class='ocr_par' dir='ltr' id='par_1_13' title="bbox 152 2413 1705 2649">
     <span class='ocr_line' id='line_1_37' title="bbox 152 2413 1703 2462; baseline 0.003 -14"><span class='ocrx_word' id='word_1_331' title='bbox 152 2422 186 2448; x_wconf 81' lang='grc'>35</span> <span class='ocrx_word' id='word_1_332' title='bbox 213 2413 247 2459; x_wconf 92' lang='grc'>1)</span> <span class='ocrx_word' id='word_1_333' title='bbox 282 2414 425 2447; x_wconf 77' lang='lat' dir='ltr'>Iuvenci</span> <span class='ocrx_word' id='word_1_334' title='bbox 449 2415 547 2457; x_wconf 74' lang='lat' dir='ltr'>prol.</span> <span class='ocrx_word' id='word_1_335' title='bbox 579 2426 610 2448; x_wconf 84' lang='lat' dir='ltr'>v.</span> <span class='ocrx_word' id='word_1_336' title='bbox 635 2416 678 2451; x_wconf 84' lang='lat'>8:</span> <span class='ocrx_word' id='word_1_337' title='bbox 713 2416 883 2450; x_wconf 83' lang='lat' dir='ltr'>aeternae</span> <span class='ocrx_word' id='word_1_338' title='bbox 906 2415 1070 2460; x_wconf 86' lang='lat' dir='ltr'>pandens</span> <span class='ocrx_word' id='word_1_339' title='bbox 1094 2417 1267 2461; x_wconf 84' lang='lat' dir='ltr'>mysteria</span> <span class='ocrx_word' id='word_1_340' title='bbox 1291 2417 1398 2454; x_wconf 84' lang='lat' dir='ltr'>vitae.</span> <span class='ocrx_word' id='word_1_341' title='bbox 1504 2420 1541 2462; x_wconf 83' lang='lat'>2)</span> <span class='ocrx_word' id='word_1_342' title='bbox 1569 2419 1703 2452; x_wconf 79' lang='lat' dir='ltr'>Archi-</span> 
     </span>
     <span class='ocr_line' id='line_1_38' title="bbox 210 2461 1705 2504; baseline 0.005 -11"><span class='ocrx_word' id='word_1_343' title='bbox 210 2462 392 2503; x_wconf 79' lang='lat' dir='ltr'>episcopus</span> <span class='ocrx_word' id='word_1_344' title='bbox 415 2461 662 2504; x_wconf 73' lang='lat' dir='ltr'>Moyuntinus.</span> <span class='ocrx_word' id='word_1_345' title='bbox 713 2462 820 2504; x_wconf 77' lang='lat' dir='ltr'>Quem</span> <span class='ocrx_word' id='word_1_346' title='bbox 844 2467 927 2497; x_wconf 74' lang='lat' dir='ltr'>tum&gt;</span> <span class='ocrx_word' id='word_1_347' title='bbox 954 2474 1033 2497; x_wconf 83' lang='lat' dir='ltr'>cum</span> <span class='ocrx_word' id='word_1_348' title='bbox 1058 2464 1270 2498; x_wconf 79' lang='lat' dir='ltr'>Eberhardo</span> <span class='ocrx_word' id='word_1_349' title='bbox 1303 2468 1476 2499; x_wconf 78' lang='lat' dir='ltr'>tractasse</span> <span class='ocrx_word' id='word_1_350' title='bbox 1505 2476 1605 2500; x_wconf 75' lang='lat' dir='ltr'>nemo</span> <span class='ocrx_word' id='word_1_351' title='bbox 1628 2467 1705 2499; x_wconf 63' lang='grc' dir='ltr'><em>πῖθι·</em></span> 
     </span>
     <span class='ocr_line' id='line_1_39' title="bbox 218 2507 1700 2557; baseline 0.005 -18"><span class='ocrx_word' id='word_1_352' title='bbox 218 2507 310 2542; x_wconf 75' lang='lat' dir='ltr'>Wid.</span> <span class='ocrx_word' id='word_1_353' title='bbox 329 2508 464 2550; x_wconf 80' lang='lat' dir='ltr'>tradit,·</span> <span class='ocrx_word' id='word_1_354' title='bbox 479 2519 540 2542; x_wconf 80' lang='lat' dir='ltr'>nec</span> <span class='ocrx_word' id='word_1_355' title='bbox 556 2513 700 2552; x_wconf 74' lang='lat' dir='ltr'>constat,</span> <span class='ocrx_word' id='word_1_356' title='bbox 718 2511 805 2553; x_wconf 80' lang='lat' dir='ltr'>quid</span> <span class='ocrx_word' id='word_1_357' title='bbox 820 2511 916 2544; x_wconf 77' lang='lat' dir='ltr'>inter</span> <span class='ocrx_word' id='word_1_358' title='bbox 931 2521 987 2544; x_wconf 78' lang='lat' dir='ltr'>eos</span> <span class='ocrx_word' id='word_1_359' title='bbox 1004 2514 1231 2555; x_wconf 73' lang='lat' dir='ltr'>compositum</span> <span class='ocrx_word' id='word_1_360' title='bbox 1247 2513 1303 2547; x_wconf 80' lang='lat' dir='ltr'>sit.</span> <span class='ocrx_word' id='word_1_361' title='bbox 1378 2512 1414 2557; x_wconf 90' lang='lat'>3)</span> <span class='ocrx_word' id='word_1_362' title='bbox 1434 2515 1465 2548; x_wconf 90' lang='lat'>1.</span> <span class='ocrx_word' id='word_1_363' title='bbox 1479 2512 1574 2548; x_wconf 76' lang='lat' dir='ltr'>Petr.</span> <span class='ocrx_word' id='word_1_364' title='bbox 1589 2515 1623 2556; x_wconf 78' lang='lat'>2,</span> <span class='ocrx_word' id='word_1_365' title='bbox 1638 2515 1700 2549; x_wconf 85' lang='lat'>13:</span> 
     </span>
     <span class='ocr_line' id='line_1_40' title="bbox 212 2553 1703 2605; baseline 0.005 -18"><span class='ocrx_word' id='word_1_366' title='bbox 212 2553 376 2588; x_wconf 83' lang='lat' dir='ltr'>Subiecti</span> <span class='ocrx_word' id='word_1_367' title='bbox 400 2553 512 2599; x_wconf 86' lang='lat' dir='ltr'>igitur</span> <span class='ocrx_word' id='word_1_368' title='bbox 534 2557 650 2590; x_wconf 87' lang='lat' dir='ltr'>estote</span> <span class='ocrx_word' id='word_1_369' title='bbox 674 2557 774 2590; x_wconf 85' lang='lat' dir='ltr'>omni</span> <span class='ocrx_word' id='word_1_370' title='bbox 795 2556 976 2592; x_wconf 84' lang='lat' dir='ltr'>humanae</span> <span class='ocrx_word' id='word_1_371' title='bbox 998 2561 1186 2592; x_wconf 81' lang='lat' dir='ltr'>creaturae</span> <span class='ocrx_word' id='word_1_372' title='bbox 1206 2561 1360 2603; x_wconf 87' lang='lat' dir='ltr'>propter</span> <span class='ocrx_word' id='word_1_373' title='bbox 1377 2559 1506 2603; x_wconf 89' lang='lat' dir='ltr'>Deum,</span> <span class='ocrx_word' id='word_1_374' title='bbox 1528 2560 1603 2594; x_wconf 85' lang='lat' dir='ltr'>sive</span> <span class='ocrx_word' id='word_1_375' title='bbox 1624 2559 1703 2605; x_wconf 84' lang='lat' dir='ltr'>regi</span> 
     </span>
     <span class='ocr_line' id='line_1_41' title="bbox 213 2601 1703 2649; baseline 0.005 -15"><span class='ocrx_word' id='word_1_376' title='bbox 213 2601 314 2645; x_wconf 82' lang='lat' dir='ltr'>quasi</span> <span class='ocrx_word' id='word_1_377' title='bbox 336 2601 584 2645; x_wconf 87' lang='lat' dir='ltr'>praecellenti.</span> <span class='ocrx_word' id='word_1_378' title='bbox 696 2604 733 2647; x_wconf 85' lang='lat'>4)</span> <span class='ocrx_word' id='word_1_379' title='bbox 764 2603 965 2648; x_wconf 70' lang='lat' dir='ltr'>Hambury.</span> <span class='ocrx_word' id='word_1_380' title='bbox 1006 2605 1102 2639; x_wconf 85' lang='lat' dir='ltr'>Eum</span> <span class='ocrx_word' id='word_1_381' title='bbox 1127 2606 1164 2639; x_wconf 87' lang='lat' dir='ltr'>in</span> <span class='ocrx_word' id='word_1_382' title='bbox 1190 2604 1388 2641; x_wconf 82' lang='lat' dir='ltr'>Saxoniam</span> <span class='ocrx_word' id='word_1_383' title='bbox 1413 2607 1608 2649; x_wconf 74' lang='lat' dir='ltr'>releyatum</span> <span class='ocrx_word' id='word_1_384' title='bbox 1634 2617 1703 2641; x_wconf 76' lang='lat' dir='ltr'>esse</span> 
     </span>
    </p>

    <p class='ocr_par' dir='ltr' id='par_1_14' title="bbox 152 2649 1703 2885">
     <span class='ocr_line' id='line_1_42' title="bbox 152 2649 1701 2696; baseline 0.006 -15"><span class='ocrx_word' id='word_1_385' title='bbox 152 2657 188 2682; x_wconf 81' lang='lat'>40</span> <span class='ocrx_word' id='word_1_386' title='bbox 211 2650 321 2690; x_wconf 79' lang='lat' dir='ltr'>refert</span> <span class='ocrx_word' id='word_1_387' title='bbox 344 2649 572 2692; x_wconf 75' lang='lat' dir='ltr'>Liudprand.</span> <span class='ocrx_word' id='word_1_388' title='bbox 597 2650 623 2682; x_wconf 94' lang='grc' dir='ltr'><em>Ι</em></span> <span class='ocrx_word' id='word_1_389' title='bbox 627 2650 666 2693; x_wconf 77' lang='lat' dir='ltr'>V,</span> <span class='ocrx_word' id='word_1_390' title='bbox 691 2652 748 2693; x_wconf 87' lang='lat'>33,</span> <span class='ocrx_word' id='word_1_391' title='bbox 779 2649 826 2684; x_wconf 86' lang='lat' dir='ltr'>ad</span> <span class='ocrx_word' id='word_1_392' title='bbox 850 2650 1007 2686; x_wconf 72' lang='lat' dir='ltr'>Fuldam</span> <span class='ocrx_word' id='word_1_393' title='bbox 1031 2653 1293 2687; x_wconf 87' lang='lat' dir='ltr'>monasterium</span> <span class='ocrx_word' id='word_1_394' title='bbox 1319 2653 1416 2689; x_wconf 81' lang='lat' dir='ltr'>Cont.</span> <span class='ocrx_word' id='word_1_395' title='bbox 1442 2654 1527 2696; x_wconf 76' lang='lat' dir='ltr'>Rey.</span> <span class='ocrx_word' id='word_1_396' title='bbox 1560 2664 1593 2688; x_wconf 87' lang='lat' dir='ltr'>a.</span> <span class='ocrx_word' id='word_1_397' title='bbox 1621 2655 1701 2690; x_wconf 88' lang='grc'><strong>939.</strong></span> 
     </span>
     <span class='ocr_line' id='line_1_43' title="bbox 211 2695 1702 2745; baseline 0.005 -17"><span class='ocrx_word' id='word_1_398' title='bbox 211 2696 360 2739; x_wconf 78' lang='lat' dir='ltr'>Ideoque</span> <span class='ocrx_word' id='word_1_399' title='bbox 376 2695 534 2739; x_wconf 73' lang='lat' dir='ltr'>Leibm&#39;z,</span> <span class='ocrx_word' id='word_1_400' title='bbox 560 2698 657 2732; x_wconf 66' lang='lat' dir='ltr'>Arm.</span> <span class='ocrx_word' id='word_1_401' title='bbox 680 2697 772 2740; x_wconf 81' lang='lat' dir='ltr'>Imp.</span> <span class='ocrx_word' id='word_1_402' title='bbox 795 2698 849 2741; x_wconf 87' lang='lat' dir='ltr'>II,</span> <span class='ocrx_word' id='word_1_403' title='bbox 870 2709 910 2741; x_wconf 80' lang='lat' dir='ltr'>p.</span> <span class='ocrx_word' id='word_1_404' title='bbox 927 2700 1013 2734; x_wconf 87' lang='lat'>487:</span> <span class='ocrx_word' id='word_1_405' title='bbox 1039 2698 1333 2745; x_wconf 83' lang='lat' dir='ltr'>Hamelburgum</span> <span class='ocrx_word' id='word_1_406' title='bbox 1360 2702 1424 2743; x_wconf 85' lang='lat' dir='ltr'>est,</span> <span class='ocrx_word' id='word_1_407' title='bbox 1449 2702 1575 2744; x_wconf 78' lang='lat' dir='ltr'>inquit,</span> <span class='ocrx_word' id='word_1_408' title='bbox 1601 2701 1702 2735; x_wconf 88' lang='lat' dir='ltr'>locus</span> 
     </span>
     <span class='ocr_line' id='line_1_44' title="bbox 213 2741 1700 2791; baseline 0.005 -16"><span class='ocrx_word' id='word_1_409' title='bbox 213 2742 299 2776; x_wconf 82' lang='lat' dir='ltr'>iuris</span> <span class='ocrx_word' id='word_1_410' title='bbox 314 2741 515 2778; x_wconf 85' lang='lat' dir='ltr'>Fuldensis.</span> <span class='ocrx_word' id='word_1_411' title='bbox 557 2744 606 2777; x_wconf 78' lang='lat' dir='ltr'>At</span> <span class='ocrx_word' id='word_1_412' title='bbox 631 2746 670 2777; x_wconf 82' lang='lat' dir='ltr'>in</span> <span class='ocrx_word' id='word_1_413' title='bbox 695 2745 884 2788; x_wconf 80' lang='lat' dir='ltr'>archetypo</span> <span class='ocrx_word' id='word_1_414' title='bbox 907 2750 1029 2780; x_wconf 70' lang='lat' dir='ltr'>nostro</span> <span class='ocrx_word' id='word_1_415' title='bbox 1045 2745 1314 2791; x_wconf 82' lang='lat' dir='ltr'>Hammaburg.</span> <span class='ocrx_word' id='word_1_416' title='bbox 1339 2748 1450 2789; x_wconf 72' lang='lat' dir='ltr'>fuisse</span> <span class='ocrx_word' id='word_1_417' title='bbox 1466 2749 1541 2790; x_wconf 80' lang='lat' dir='ltr'>fere</span> <span class='ocrx_word' id='word_1_418' title='bbox 1557 2751 1700 2783; x_wconf 73' lang='lat' dir='ltr'>constat.</span> 
     </span>
     <span class='ocr_line' id='line_1_45' title="bbox 212 2789 1703 2837; baseline 0.005 -15"><span class='ocrx_word' id='word_1_419' title='bbox 212 2789 294 2822; x_wconf 80' lang='lat' dir='ltr'>Huc</span> <span class='ocrx_word' id='word_1_420' title='bbox 321 2791 462 2833; x_wconf 76' lang='lat' dir='ltr'>accedit,</span> <span class='ocrx_word' id='word_1_421' title='bbox 491 2791 584 2834; x_wconf 80' lang='lat' dir='ltr'>quod</span> <span class='ocrx_word' id='word_1_422' title='bbox 610 2791 708 2826; x_wconf 81' lang='lat' dir='ltr'>Cont.</span> <span class='ocrx_word' id='word_1_423' title='bbox 733 2791 820 2835; x_wconf 76' lang='lat' dir='ltr'>Req.</span> <span class='ocrx_word' id='word_1_424' title='bbox 845 2793 998 2826; x_wconf 84' lang='lat' dir='ltr'>alterum</span> <span class='ocrx_word' id='word_1_425' title='bbox 1020 2794 1227 2827; x_wconf 74' lang='lat' dir='ltr'>Frithurici</span> <span class='ocrx_word' id='word_1_426' title='bbox 1257 2795 1415 2837; x_wconf 64' lang='lat' dir='ltr'>emiliam,</span> <span class='ocrx_word' id='word_1_427' title='bbox 1445 2795 1538 2837; x_wconf 80' lang='lat' dir='ltr'>quod</span> <span class='ocrx_word' id='word_1_428' title='bbox 1564 2795 1703 2829; x_wconf 78' lang='lat' dir='ltr'>Fuldae</span> 
     </span>
     <span class='ocr_line' id='line_1_46' title="bbox 213 2837 1701 2885; baseline 0.005 -17"><span class='ocrx_word' id='word_1_429' title='bbox 213 2837 282 2878; x_wconf 73' lang='lat' dir='ltr'>eyit</span> <span class='ocrx_word' id='word_1_430' title='bbox 305 2837 429 2879; x_wconf 77' lang='lat' dir='ltr'>(infra</span> <span class='ocrx_word' id='word_1_431' title='bbox 453 2847 480 2872; x_wconf 83' lang='lat' dir='ltr'>c.</span> <span class='ocrx_word' id='word_1_432' title='bbox 498 2839 575 2881; x_wconf 86' lang='lat'>38),</span> <span class='ocrx_word' id='word_1_433' title='bbox 601 2842 773 2881; x_wconf 74' lang='lat' dir='ltr'>spectasse</span> <span class='ocrx_word' id='word_1_434' title='bbox 797 2839 945 2876; x_wconf 79' lang='lat' dir='ltr'>videtur.</span> <span class='ocrx_word' id='word_1_435' title='bbox 991 2840 1047 2882; x_wconf 74' lang='lat' dir='ltr'>Cf.</span> <span class='ocrx_word' id='word_1_436' title='bbox 1071 2840 1214 2884; x_wconf 81' lang='lat' dir='ltr'>Werra‚</span> <span class='ocrx_word' id='word_1_437' title='bbox 1242 2841 1368 2875; x_wconf 83' lang='lat' dir='ltr'>‘Ue-ber</span> <span class='ocrx_word' id='word_1_438' title='bbox 1391 2842 1458 2875; x_wconf 83' lang='lat' dir='ltr'>den</span> <span class='ocrx_word' id='word_1_439' title='bbox 1483 2841 1578 2876; x_wconf 78' lang='lat' dir='ltr'>cont.</span> <span class='ocrx_word' id='word_1_440' title='bbox 1605 2842 1701 2885; x_wconf 66' lang='lat' dir='ltr'>Ray!</span> 
     </span>
    </p>

    <p class='ocr_par' dir='ltr' id='par_1_15' title="bbox 153 2883 1702 3027">
     <span class='ocr_line' id='line_1_47' title="bbox 153 2883 1700 2932; baseline 0.006 -17"><span class='ocrx_word' id='word_1_441' title='bbox 153 2890 189 2915; x_wconf 77' lang='lat'>45</span> <span class='ocrx_word' id='word_1_442' title='bbox 214 2883 380 2924; x_wconf 67' lang='lat' dir='ltr'>(Diem-t.</span> <span class='ocrx_word' id='word_1_443' title='bbox 414 2884 514 2928; x_wconf 72' lang='lat' dir='ltr'>Lips.</span> <span class='ocrx_word' id='word_1_444' title='bbox 551 2886 659 2929; x_wconf 83' lang='lat'>1883)</span> <span class='ocrx_word' id='word_1_445' title='bbox 686 2896 726 2929; x_wconf 75' lang='lat' dir='ltr'>p,</span> <span class='ocrx_word' id='word_1_446' title='bbox 754 2888 797 2922; x_wconf 87' lang='lat'>13</span> <span class='ocrx_word' id='word_1_447' title='bbox 814 2897 888 2930; x_wconf 76' lang='lat' dir='ltr'>sqq.</span> <span class='ocrx_word' id='word_1_448' title='bbox 986 2886 1022 2932; x_wconf 86' lang='lat'>5)</span> <span class='ocrx_word' id='word_1_449' title='bbox 1059 2887 1383 2931; x_wconf 76' lang='lat' dir='ltr'>Strazburyensem,</span> <span class='ocrx_word' id='word_1_450' title='bbox 1419 2899 1455 2924; x_wconf 84' lang='lat' dir='ltr'>a.</span> <span class='ocrx_word' id='word_1_451' title='bbox 1484 2890 1700 2925; x_wconf 85' lang='lat'>933—950.</span> 
     </span>
     <span class='ocr_line' id='line_1_48' title="bbox 214 2929 1702 2980; baseline 0.004 -16"><span class='ocrx_word' id='word_1_452' title='bbox 214 2929 251 2973; x_wconf 87' lang='lat'>6)</span> <span class='ocrx_word' id='word_1_453' title='bbox 279 2929 333 2972; x_wconf 78' lang='lat' dir='ltr'>Cf.</span> <span class='ocrx_word' id='word_1_454' title='bbox 357 2941 472 2974; x_wconf 70' lang='lat' dir='ltr'>supra</span> <span class='ocrx_word' id='word_1_455' title='bbox 490 2942 530 2975; x_wconf 83' lang='lat' dir='ltr'>p.</span> <span class='ocrx_word' id='word_1_456' title='bbox 553 2934 610 2976; x_wconf 85' lang='lat'>66,</span> <span class='ocrx_word' id='word_1_457' title='bbox 637 2933 659 2968; x_wconf 86' lang='lat' dir='ltr'>l.</span> <span class='ocrx_word' id='word_1_458' title='bbox 682 2934 728 2968; x_wconf 86' lang='lat'>26</span> <span class='ocrx_word' id='word_1_459' title='bbox 744 2944 815 2977; x_wconf 76' lang='lat' dir='ltr'>sq.:</span> <span class='ocrx_word' id='word_1_460' title='bbox 841 2933 880 2967; x_wconf 90' lang='lat' dir='ltr'>in</span> <span class='ocrx_word' id='word_1_461' title='bbox 904 2933 1061 2978; x_wconf 86' lang='lat' dir='ltr'>gratiam</span> <span class='ocrx_word' id='word_1_462' title='bbox 1087 2934 1285 2969; x_wconf 85' lang='lat' dir='ltr'>clementer</span> <span class='ocrx_word' id='word_1_463' title='bbox 1308 2934 1486 2980; x_wconf 87' lang='lat' dir='ltr'>recipitur</span> <span class='ocrx_word' id='word_1_464' title='bbox 1510 2937 1547 2970; x_wconf 84' lang='lat' dir='ltr'>et</span> <span class='ocrx_word' id='word_1_465' title='bbox 1571 2935 1702 2970; x_wconf 88' lang='lat' dir='ltr'>honori</span> 
     </span>
     <span class='ocr_line' id='line_1_49' title="bbox 212 2975 1700 3027; baseline 0.007 -18"><span class='ocrx_word' id='word_1_466' title='bbox 212 2975 366 3020; x_wconf 85' lang='lat' dir='ltr'>pristino</span> <span class='ocrx_word' id='word_1_467' title='bbox 390 2976 565 3014; x_wconf 85' lang='lat' dir='ltr'>redditur.</span> <span class='ocrx_word' id='word_1_468' title='bbox 655 2982 692 3026; x_wconf 85' lang='lat'>7)</span> <span class='ocrx_word' id='word_1_469' title='bbox 717 2981 770 3014; x_wconf 90' lang='lat' dir='ltr'>De</span> <span class='ocrx_word' id='word_1_470' title='bbox 793 2980 1020 3016; x_wconf 64' lang='lat' dir='ltr'>Her-imaum</span> <span class='ocrx_word' id='word_1_471' title='bbox 1041 2983 1240 3016; x_wconf 80' lang='lat' dir='ltr'>Suavorum</span> <span class='ocrx_word' id='word_1_472' title='bbox 1265 2983 1350 3016; x_wconf 82' lang='lat' dir='ltr'>duce</span> <span class='ocrx_word' id='word_1_473' title='bbox 1372 2984 1529 3027; x_wconf 63' lang='lat' dir='ltr'>cogitare</span> <span class='ocrx_word' id='word_1_474' title='bbox 1552 2984 1700 3019; x_wconf 75' lang='lat' dir='ltr'>videtur.</span> 
     </span>
    </p>
   </div>
  </div>
 </body>
</html>
