2034 3380
229 474 307 508 939.

229 1117 307 1151 940.

322 350 367 384 76
918 344 1154 381 WIDUKIN
1156 345 1210 380 DI

322 466 557 520 pluribusa
594 466 814 514 ascendit,
857 480 972 521 quae
1013 479 1149 508 onere
1189 468 1462 521 pregravata
1502 465 1805 508 subcumbens

323 525 567 578 mergitur3
606 524 792 579 ipseque
834 525 926 566 dux
966 539 1070 567 cum
1112 525 1303 566 caeteris
1344 537 1518 566 mersus
1557 537 1806 578 numquam

323 584 392 624 est
442 583 657 625 inventus
671 582 698 625 1.
780 583 878 625 Rex
929 586 1082 625 autem
1136 584 1295 625 audita
1345 583 1537 625 victoria
1589 578 1800 624 suorumb

323 641 520 682 militum
554 655 606 683 ac
638 643 783 684 morte
817 642 984 684 ducum
1016 642 1189 696 gratias
1215 642 1336 696 egit⁰
1365 641 1671 696 omnipotenti
1693 640 1804 691 Deo,

323 701 451 742 cuius
494 701 674 755 saepius
715 701 938 743 auxilium
978 702 1193 755 expertus
1234 703 1304 742 est
1343 702 1634 755 oportunum.
1706 699 1806 742 Pre-

322 759 567 813 ficiensque
625 760 803 814 regioni
853 760 1178 801 Lothariorum
1230 755 1503 801 Oddonemd
1558 758 1799 799 Riewinise

323 817 481 866 filium,
516 813 590 860 etf
621 820 674 859 ut
705 818 906 860 nutriret
930 821 1144 873 nepotem
1170 831 1315 868 suum,
1350 818 1497 858 filium
1520 817 1804 866 Isilberhtig,

322 876 522 931 optimae
555 877 652 931 spei
683 877 939 931 puerulum,
974 877 1156 918 nomine
1183 876 1466 926 Heinricum,
1499 889 1704 918 reversus
1738 878 1807 917 est

322 935 368 975 in
411 935 666 976 Saxoniam.
738 935 888 976 Mater
929 937 1083 976 autem
1130 934 1290 989 pueri2
1336 934 1552 989 copulata
1597 936 1666 976 est
1707 948 1806 976 con-

322 993 447 1047 iugio
480 989 805 1035 Hluthowicoh
841 994 952 1048 regi,
986 995 1033 1035 et
1065 993 1310 1034 Heinricus
1341 993 1487 1034 frater
1516 993 1636 1047 regis
1669 993 1806 1035 disce-

324 1052 434 1093 dens
467 1065 494 1092 a
525 1052 757 1093 Lothariis
795 1052 981 1094 secessit
1021 1052 1070 1092 in
1109 1047 1325 1106 regnumi
1366 1047 1574 1093 Karolik.
1636 1051 1807 1093 Necem

324 1110 491 1151 ducum
523 1110 772 1165 asperrima
803 1110 981 1165 hiemps
1013 1111 1299 1164 hiememque
1332 1105 1512 1152 secuta¹
1554 1112 1622 1152 est
1662 1110 1808 1152 fames

322 1169 602 1210 validissima
614 1169 642 1207 3.

465 1240 664 1281 XXVII.
728 1240 838 1281 Post
877 1240 1019 1282 haec4
1060 1239 1263 1289 Immom,
1305 1243 1381 1281 ren
1418 1252 1524 1281 vera
1556 1239 1707 1281 nescio
1749 1252 1808 1279 an

322 1298 454 1348 falso,
489 1312 615 1339 arma
646 1299 786 1339 sumit
818 1301 978 1340 contra
1008 1311 1175 1352 regem,
1209 1300 1256 1340 et
1278 1298 1428 1340 media
1450 1298 1599 1339 hieme
1622 1298 1807 1339 circum-

324 1357 458 1398 datus
491 1357 694 1399 exercitu
732 1371 778 1399 se
819 1358 991 1412 pariter
1016 1361 1125 1398 'cum
1166 1357 1306 1398 urbe⁰
1343 1356 1549 1406 tradidit,
1592 1369 1644 1398 ac
1686 1356 1807 1397 dein-

323 1429 428 1470 ceps
460 1415 608 1457 fidelis
640 1418 686 1457 et
717 1416 847 1457 utilis
878 1416 1129 1470 permansit
1142 1414 1170 1455 5.

463 1486 692 1527 XXVIII.
754 1486 957 1541 Nepotes
988 1499 1166 1540 quoque
1198 1485 1465 1527 Isilberhtip
1502 1485 1714 1527 servituti
1743 1499 1807 1527 re-

323 1545 424 1599 giae
456 1559 503 1586 se
535 1545 869 1595 subiciebant‘l,
891 1545 1081 1586 urbibus
1104 1558 1215 1598 quas
1235 1544 1457 1586 tenebant
1482 1543 1807 1586 nichilominus

322 1603 534 1653 retentis;
578 1604 878 1646 Kievermont
919 1604 1058 1645 etiam
1099 1604 1156 1645 ab
1198 1603 1444 1644 Ansfridor
1482 1605 1529 1644 et
1569 1602 1800 1644 Arnoldo³

324 1662 475 1703 adhue
515 1663 775 1704 tenebatur.
847 1662 920 1703 Ad
966 1675 1078 1716 quos
1118 1661 1266 1703 Immo
1312 1659 1607 1702 mandatumt
1656 1661 1807 1702 huius-

324 1721 501 1762 cemodi
533 1721 734 1775 dirigens
766 1721 852 1762 ait:
889 1721 972 1762 ‘De
1004 1733 1076 1763 me
1117 1735 1209 1762 non
1249 1720 1397 1762 sentio
1437 1720 1526 1761 nisi
1566 1720 1687 1774 quod
1728 1733 1807 1762 vos

324 1779 527 1829 sentitis;
571 1780 627 1821 de
658 1780 786 1822 vobis
819 1781 973 1821 autem
1005 1781 1167 1821 notum
1207 1781 1289 1829 est,
1332 1779 1439 1833 quia
1479 1779 1615 1820 huius
1656 1779 1807 1833 gentis

323 1838 552 1892 principes
581 1839 703 1879 estis.
755 1838 887 1879 Nulli
908 1851 1016 1892 ergo
1039 1838 1241 1888 dubium,
1266 1839 1376 1891 quin
1398 1837 1575 1878 duabus
1597 1837 1806 1879 manibus

324 1897 514 1950 quisque
546 1897 690 1950 magis
720 1897 873 1939 valeat
903 1910 1039 1951 quam
1070 1910 1175 1937 una.
1229 1895 1415 1938 Certum
1439 1897 1508 1937 est
1537 1896 1693 1950 itaque
1713 1897 1807 1938 tres

323 1969 465 1996 unum
498 1955 772 1997 fortitudine
804 1956 1094 2010 precedereu.
1158 1955 1218 1995 Et
1258 1968 1380 1996 nunc
1412 1967 1528 2008 quae
1560 1954 1806 1996 necessitas

324 2014 465 2069 cogit,
514 2016 567 2055 ut
608 2015 855 2056 serviamus
898 2014 1171 2064 Saxonibus,
1219 2013 1308 2054 nisi
1347 2015 1504 2055 nostra
1548 2012 1807 2054 discordia}>

325 2071 517 2123 Quando
549 2086 628 2114 vos
660 2073 796 2114 armis
829 2073 1240 2122 circumdederunt,
1273 2086 1383 2112 num
1415 2072 1606 2113 victoria
1645 2071 1808 2113 laetati

323 2131 463 2172 sunt‘?
524 2131 787 2174 Victoribus
834 2133 957 2173 certe
1007 2133 1143 2186 turpe
1190 2132 1259 2172 est
1310 2130 1490 2172 servire.
1571 2129 1807 2184 Optimum

323 2190 527 2231 omnium
567 2190 843 2241 mortalium,
885 2191 964 2244 qui
1005 2204 1076 2232 me
1117 2203 1144 2231 a
1183 2202 1324 2244 puero
1364 2189 1559 2230 nutrivit
1599 2191 1646 2231 et
1685 2189 1807 2230 inter

322 2314 352 2345 a)
376 2315 474 2340 multis
493 2316 561 2348 1313
587 2316 720 2347 plurimis
739 2316 828 2343 Samo.
912 2315 941 2348 b)
967 2322 1085 2340 suorum
1104 2322 1160 2341 om.
1180 2315 1242 2342 Bl.
1325 2313 1352 2347 c)
1376 2314 1438 2345 agit
1457 2314 1487 2341 C.
1568 2312 1599 2345 d)
1623 2316 1752 2339 ottonem
1772 2314 1807 2342 A.

322 2351 403 2376 Frut.
423 2351 514 2375 Saxo.
588 2351 616 2383 e)
635 2351 675 2375 sic
693 2352 730 2376 A.
751 2351 789 2380 C,·
808 2350 923 2375 ricwini
942 2351 1008 2382 B1;
1030 2351 1159 2375 Ricuinis
1178 2349 1246 2382 1323
1266 2349 1403 2374 richwini
1420 2349 1505 2377 Frut.
1524 2349 1611 2376 Samo.
1683 2348 1706 2381 f)
1725 2352 1759 2374 ut
1778 2353 1808 2375 et

323 2392 473 2416 regnum
499 2388 721 2416 procuraret
746 2388 782 2411 et
806 2392 872 2417 nep.
892 2405 899 2412 .
921 2406 926 2411 .
951 2406 955 2411 .
983 2388 1062 2412 nutr.
1080 2385 1163 2412 Frut.
1181 2395 1215 2406 =
1235 2384 1329 2414 Saxm
1354 2391 1427 2415 quae
1450 2384 1481 2408 in
1505 2385 1588 2409 codd.
1615 2385 1722 2409 omissa
1749 2391 1808 2409 esse

322 2426 404 2445 nemo
431 2421 561 2447 coniciant.
656 2422 686 2452 g)
712 2419 818 2446 isilb4ti
841 2421 886 2450 A;
914 2420 1072 2446 Giselbe1·ti
1099 2420 1126 2444 B
1141 2420 1167 2446 2.
1196 2419 1300 2450 Frut.,·
1327 2419 1451 2444 isberhti
1477 2420 1518 2450 C,·
1545 2419 1690 2451 gisilberti
1716 2419 1806 2447 Sanco.

323 2456 354 2485 h)
378 2454 504 2480 ludwico
529 2455 576 2485 A;
604 2456 790 2481 Luthouuico
818 2456 890 2488 B2;
920 2455 1071 2481 luthuuico
1098 2455 1136 2485 0;
1164 2453 1308 2480 lodowico
1333 2455 1424 2481 Saxo.
1516 2453 1538 2487 i)
1565 2454 1718 2487 regionem
1742 2455 1808 2482 ΒΞ.

323 2490 354 2522 k)
379 2490 478 2516 Caroli
496 2491 557 2517 ΒΞ.
577 2491 608 2522 C,
627 2491 711 2515 sicuti
729 2497 849 2522 semper.
931 2490 952 2523 l)
976 2490 1067 2515 fames
1087 2491 1145 2517 val.
1164 2492 1266 2515 secuta
1286 2492 1332 2515 est
1349 2489 1411 2515 Bl.
1494 2491 1534 2521 m)
1553 2497 1651 2522 ymmo
1669 2490 1705 2522 A,
1724 2490 1808 2515 sicuti

322 2532 442 2557 semper.
515 2526 546 2556 n)
565 2532 597 2551 ro
617 2533 671 2553 om.
690 2526 716 2550 Β
729 2526 754 2553 2.
826 2527 855 2557 ο)
874 2526 946 2551 orbe
964 2526 999 2553 Α,
1073 2527 1103 2557 p)
1123 2525 1250 2550 isilberti
1269 2525 1314 2555 A,-
1332 2524 1514 2551 Griselberthi
1532 2525 1600 2558 1323
1623 2525 1750 2551 isberhti
1769 2525 1806 2558 0;

322 2561 465 2592 gisilberti
490 2561 581 2586 Saxo.
673 2560 704 2592 q)
727 2561 921 2586 subiacebant
940 2561 977 2592 C,-
1002 2561 1168 2586 subdebant
1186 2561 1276 2588 Saxo.
1366 2559 1392 2593 r)
1411 2558 1545 2586 Anfredo
1564 2560 1627 2586 ΒΣ.
1717 2561 1743 2591 s)
1767 2560 1808 2585 sic

323 2597 359 2623 A.
374 2596 400 2621 Β
411 2597 435 2623 1.
450 2596 481 2627 2;
502 2594 627 2621 arnaldo
641 2597 671 2624 C.
684 2610 719 2615 —
731 2597 769 2622 ab
782 2595 965 2622 ansarbardo
986 2603 1060 2623 corr.
1080 2594 1263 2621 ansarnardo
1283 2595 1441 2621 tenebatur
1458 2596 1550 2623 Saxo.
1604 2595 1626 2629 t)
1646 2595 1808 2623 huiuscem.

322 2630 452 2659 mandat.
470 2631 537 2665 131;
559 2631 718 2659 huiuscem.
736 2639 790 2659 om.
809 2632 899 2657 Saxo.
973 2630 1004 2665 u)
1023 2631 1186 2663 precellere
1205 2631 1294 2658 Saxo.

325 2736 358 2781 i)
386 2737 442 2778 Cf.
468 2738 564 2773 Arm.
592 2737 693 2773 Coo-b.
719 2748 753 2773 a.
767 2739 852 2774 939:
883 2735 1118 2771 Evurhardus
1145 2738 1181 2770 et
1202 2734 1418 2771 Isliberhtus
1443 2734 1552 2769 duces
1577 2734 1687 2769 occisi
1711 2736 1805 2771 sunt.

322 2785 374 2817 De
398 2785 454 2817 die
478 2786 605 2818 mortis
629 2785 721 2818 nihil
745 2788 891 2820 constat.
984 2783 1020 2828 2)
1050 2784 1241 2827 Gerberya.
1285 2782 1339 2825 Cf.
1365 2784 1470 2824 infra
1494 2791 1522 2817 c.
1540 2783 1597 2818 39.
1686 2781 1724 2826 3)
1750 2781 1805 2824 C't'.

323 2831 576 2874 Cursehmann,
601 2831 861 2874 ‘Hunqersno'te
875 2833 925 2865 im
941 2831 1159 2865 Mittelalter’
1178 2841 1218 2874 p.
1238 2831 1316 2866 105.
1389 2828 1425 2873 4)
1451 2829 1483 2863 I.
1508 2837 1535 2863 e.
1556 2832 1639 2872 post
1663 2839 1696 2864 a.
1715 2830 1805 2872 940;

323 2879 367 2919 cf.
393 2879 499 2919 infra
518 2889 557 2921 p.
577 2880 632 2921 77,
660 2879 681 2913 l.
707 2880 753 2914 22
772 2889 844 2922 sqq.
894 2879 963 2912 Sed
986 2888 1053 2921 quo
1078 2888 1176 2912 anno
1199 2887 1288 2920 quae
1311 2877 1352 2909 in
1376 2885 1403 2910 o.
1429 2877 1486 2911 27.
1513 2877 1569 2911 28.
1598 2879 1806 2909 narrantur

322 2925 420 2965 facta
443 2926 526 2967 sint,
552 2935 620 2959 non
646 2926 737 2959 satis
765 2929 910 2960 constat.
1009 2925 1044 2970 5)
1072 2925 1126 2967 Cf.
1151 2933 1266 2966 supra
1290 2933 1330 2966 p.
1355 2924 1412 2965 43,
1440 2922 1462 2957 l.
1483 2923 1547 2966 16;
1573 2933 1612 2966 p.
1639 2924 1695 2965 59,
1722 2923 1745 2958 l.
1771 2924 1804 2959 9.

323 2973 353 3003 et
381 2981 416 3006 n.
441 2973 474 3006 2.

1833 1008 1867 1032 10

1833 1311 1866 1337 15

1831 1909 1866 1935 25

1832 2202 1867 2227 30

1832 2453 1866 2479 35

1831 2629 1867 2655 40

1829 2931 1865 2957 45
