2034 3380
379 324 534 361 XXXII
971 321 1278 359 PRAEFATIO.

379 443 543 487 saeculo
567 443 715 486 XIII.
749 443 883 486 medio
907 443 1133 487 attribuere
1163 445 1324 487 volebat
1342 444 1396 486 L.
1422 443 1680 498 Bethmann,
1712 449 1750 487 et
1772 449 1870 499 post

379 503 568 555 Frutolfi
609 502 835 546 chronicon
874 517 982 546 saec.
1018 503 1136 545 XII.
1182 503 1353 546 ineunte
1399 503 1644 557 absolutum,
1693 517 1744 546 ex
1787 517 1867 557 quo

378 566 564 615 receptae
594 576 680 604 esse
710 562 904 604 videntur
933 562 1034 604 illae
1073 562 1345 605 narrationes
1371 563 1601 615 fabulosae,
1643 576 1750 616 quae
1779 562 1868 605 iam

380 625 604 664 occurrunt
634 622 751 675 apud
773 619 1080 664 Widu‘kindum
1097 622 1125 662 1.
1179 621 1261 664 Cui
1292 621 1470 664 termino
1495 621 1748 664 conveniunt
1777 621 1868 664 alia

378 679 560 723 minoris
598 680 806 734 momenti,
849 694 956 733 quae
996 679 1138 722 attulit
1175 681 1234 722 K.
1268 680 1538 734 Milllenhoff,
1574 680 1795 724 ‘Zeitsclm
1831 680 1866 733 f.
1892 697 1910 723 5

378 739 436 782 D.
479 739 582 782 Alt.⁷
622 739 793 793 XVII,
833 754 880 793 p.
922 743 995 791 64,
1044 739 1193 792 quibus
1238 741 1412 792 accedit,
1454 741 1565 794 quod
1608 739 1732 782 totius
1777 740 1868 792 fere

380 798 509 840 libelli
539 812 673 841 sermo
705 798 869 841 sillabis
900 798 1102 841 articulos
1133 798 1342 855 orationis
1366 798 1655 842 claudentibus
1675 799 1868 842 consonis

379 862 555 900 ornatus
585 862 655 900 est.

521 917 693 959 Fabula
744 929 999 970 quamquam
1049 915 1140 958 sine
1187 915 1311 958 dubio
1357 921 1451 959 orta
1496 921 1556 959 est
1604 930 1655 959 ecc
1701 916 1867 960 Suavia

378 975 696 1029 septentrionali
727 999 786 1004 —-
815 975 929 1017 inter
961 975 1125 1018 Suavos
1160 975 1503 1028 Transbadanos,
1545 989 1719 1028 quorum
1758 990 1867 1018 men·
1893 992 1928 1018 ιο

379 1035 533 1077 tionem
583 1034 692 1086 facit
739 1033 1028 1078 Widukindus
1078 1034 1125 1087 I,
1178 1038 1231 1076 14
1283 1057 1352 1086 —,
1412 1048 1504 1077 cum
1553 1033 1716 1076 incolae
1765 1034 1868 1076 Ala-

378 1093 581 1136 manniae
603 1093 859 1147 praesertim
889 1093 938 1135 in
970 1107 1060 1147 cap.
1098 1097 1163 1135 10.
1196 1093 1377 1135 minoris
1407 1092 1691 1148 aestimentur,
1729 1097 1868 1136 tamen

379 1157 589 1195 auctorem
620 1152 754 1204 fuisse
785 1153 1079 1195 Alamannum
1111 1157 1186 1195 aut
1216 1152 1485 1195 Franconem
1525 1156 1600 1194 aut
1627 1152 1868 1195 Bawarum

378 1226 429 1255 ex
468 1211 621 1264 formis
660 1211 879 1254 nominum
919 1216 958 1254 et
1001 1211 1102 1254 aliis
1147 1216 1254 1254 recte
1294 1211 1470 1254 coniecit
1508 1212 1568 1253 K.
1608 1210 1876 1263 Mu'llenhoff
1952 1247 1955 1249 ,

379 1271 406 1313 l.
440 1272 466 1313 l.
501 1285 548 1325 p.
583 1275 652 1312 68.
687 1275 754 1313 69.
1893 1284 1928 1311 ιτ»

523 1331 575 1372 N
571 1329 843 1384 arrationem,
875 1334 922 1372 ut
950 1329 1200 1383 fabulosam,
1234 1329 1302 1372 liic
1332 1328 1421 1372 illic
1457 1329 1736 1372 obscuriorem
1767 1342 1869 1372 com-

378 1389 587 1432 men'tario
631 1388 841 1432 instruere
881 1393 1068 1431 nostrum
1109 1403 1195 1431 non
1234 1388 1332 1441 fuit.
1404 1388 1551 1431 Multa
1590 1387 1871 1442 suppeditavit

379 1449 440 1491 K.
474 1448 743 1501 Mullenhoff,
787 1450 845 1491 ad
874 1448 993 1491 cuius
1024 1447 1207 1490 libellum
1238 1449 1400 1490 doctum
1430 1452 1468 1490 et
1499 1451 1666 1490 acutum
1701 1447 1870 1490 lectores

378 1507 525 1550 remisi
544 1509 571 1548 2.

522 1566 745 1610 Adiutorii
776 1581 803 1608 a
834 1566 976 1608 multis
1006 1566 1055 1608 in
1087 1566 1247 1608 tomello
1278 1566 1353 1608 hoc
1376 1567 1579 1619 parando
1609 1564 1715 1607 mihi
1741 1578 1868 1619 prae·
1892 1580 1928 1606 ιο

379 1626 469 1668 stiti
517 1630 639 1680 yrato
691 1625 835 1668 animo
886 1625 976 1668 iam
1026 1625 1272 1667 recordatus
1322 1638 1425 1667 sum.
1519 1623 1607 1666 His
1667 1625 1871 1667 accedunt

379 1685 626 1727 Edwardus
669 1685 877 1727 Schro'der
908 1684 1130 1738 professor
1176 1683 1475 1737 Gottinyensis,
1516 1682 1589 1737 qui
1630 1683 1676 1726 in
1715 1682 1869 1735 formis

380 1744 597 1787 nominum
624 1743 901 1798 propriorum
938 1742 1207 1786 Germanicis
1237 1747 1343 1786 recte
1381 1742 1654 1784 instituendis
1693 1741 1870 1795 beniyne

379 1818 443 1846 me
474 1803 645 1856 edocuit,
679 1803 873 1845 Karolus
905 1803 1087 1844 Zeumer
1125 1802 1172 1844 V.
1212 1801 1289 1855 Gt,
1330 1802 1530 1843 Albertus
1560 1799 1877 1854 Werminyhoff

381 1862 543 1905 amicus
574 1861 832 1915 carissimus,
866 1861 1030 1904 Paulus
1050 1861 1100 1903 de
1117 1860 1384 1914 Winterfeld,
1407 1861 1602 1903 Fedorus
1624 1859 1867 1912 Schneider,
1893 1873 1928 1900 2⁶

380 1921 558 1963 Marius
580 1922 824 1973 Krammer,
857 1920 973 1973 socii,
1006 1920 1079 1973 qui
1109 1934 1172 1962 me
1194 1923 1458 1973 quaerentem
1478 1918 1606 1961 utilia
1626 1919 1868 1961 docuerunt.

381 1982 504 2023 Inter
539 1994 680 2022 omnes
720 1980 882 2022 excellit
917 1979 1139 2022 Osioaldus
1169 1979 1521 2032 Holder-Eyyer,
1563 1977 1637 2031 qui
1667 1977 1870 2031 playulas

381 2054 521 2082 omnes
551 2053 710 2081 summo
741 2039 879 2081 studio
909 2053 1067 2081 mecum
1098 2037 1281 2080 correxit
1301 2052 1350 2080 ac
1371 2050 1531 2090 semper
1552 2036 1728 2079 consilio
1748 2040 1871 2090 atque

381 2113 508 2152 opera
553 2098 659 2141 mihi.
706 2098 861 2150 adfuit.
942 2096 1101 2151 Quibus
1147 2096 1339 2139 omnibus
1385 2110 1435 2138 ex
1480 2095 1618 2138 animi
1663 2094 1871 2138 sententia

377 2157 546 2213 qratia-s·
577 2172 668 2211 ayo.
1895 2168 1931 2194 ω

522 2217 693 2259 Dabam
733 2216 778 2258 in
821 2216 923 2258 villa
961 2215 1107 2258 Elend
1143 2228 1277 2268 prope
1318 2213 1515 2256 Schierke
1559 2213 1608 2255 in
1646 2211 1870 2267 Hercynia

381 2276 493 2318 silva
527 2290 566 2318 a.
600 2276 640 2317 d.
676 2275 734 2317 X.
769 2275 996 2317 Kalendas
1033 2273 1226 2316 Octobres
1257 2288 1296 2315 a.
1330 2270 1696 2314 MDGOGOIH.

942 2390 1161 2433 KAROL
1173 2390 1248 2434 US
1276 2389 1585 2432 ANDREAS
1613 2389 1810 2431 KEHR.

523 2570 742 2612 Editorem
782 2569 909 2611 huius
950 2568 1104 2611 tomelli
1145 2569 1358 2610 Karolum
1399 2568 1454 2609 A.
1498 2567 1632 2620 Kehr,
1678 2566 1869 2609 iuvenem

379 2629 534 2683 viyinti
577 2628 759 2683 quinque
799 2641 1023 2681 annorum,
1071 2627 1294 2670 immature
1340 2626 1407 2669 die
1447 2627 1535 2668 IV.
1576 2630 1674 2669 ante
1715 2625 1869 2668 Nonas
1896 2637 1931 2664 ω

383 2690 638 2731 Novembres
668 2687 777 2730 anni
812 2691 937 2729 1903.
974 2686 1063 2728 iam
1094 2691 1302 2729 mortuum
1342 2687 1539 2740 luyemus.
1607 2683 1690 2738 Qui
1729 2696 1870 2726 omnes

385 2827 420 2873 1)
448 2828 503 2869 Cf.
529 2829 631 2870 infra
662 2839 700 2871 p.
728 2829 808 2870 131,
832 2838 868 2862 n.
897 2829 927 2863 1.
1041 2827 1077 2870 2)
1109 2826 1292 2862 ‘Zeitschr.
1319 2827 1344 2868 f.
1371 2825 1419 2861 D.
1444 2823 1529 2860 Aa!
1554 2823 1681 2866 XVII,
1712 2834 1749 2867 p,
1774 2823 1868 2859 62-

382 2876 438 2910 71.
464 2874 572 2918 XIX,
586 2886 625 2918 p.
643 2875 720 2911 132.
760 2875 949 2909 Addidisse
965 2877 1063 2907 iuvat
1079 2876 1184 2908 etiam
1201 2883 1342 2908 carmen
1357 2873 1399 2906 de
1414 2872 1563 2906 Annene
1578 2870 1686 2913 XIX,
1702 2882 1732 2906 v.
1749 2871 1868 2906 281-

382 2923 463 2965 289,
491 2922 673 2957 ‘Deutsche
699 2922 917 2956 Chroniken’
943 2922 974 2964 I,
1003 2933 1042 2965 p.
1070 2923 1150 2965 121,
1186 2921 1323 2955 similia
1355 2930 1514 2954 narrare
1546 2918 1586 2952 de
1617 2918 1758 2956 Suavis,
1807 2916 1866 2959 Of.

385 2969 536 3012 Grimm,
563 2969 742 3003 ‘Deutsohe
767 2968 896 3011 Sayen’
923 2970 974 3005 ed.
999 2971 1032 3004 3.
1066 2969 1118 3012 II,
1149 2979 1189 3012 p.
1214 2969 1272 3004 45.
1893 2973 1930 2999 ⁴0

2027 3311 2034 3380 ἐ
