2034 3380
177 697 195 722 5

161 990 196 1015 10

161 1284 195 1308 15

160 1578 197 1602 20

161 1871 195 1896 25

161 2166 197 2190 30

161 2458 197 2484 35

406 323 590 361 RERUM
614 322 899 360 GESTARUM
922 321 1300 358 SAXONIGARUM
1323 321 1422 358 LIB.
1447 320 1522 358 111.
1665 323 1712 358 87

251 446 524 488 XXXVIII.

220 564 524 606 XXXVIIII.

427 623 525 664 XL.

399 681 524 722 XLI.

371 740 523 781 XLII.

345 799 524 840 XLIII.

317 917 524 958 XLIIII.

385 1034 524 1076 XLV.

357 1093 525 1135 XLVI.

328 1152 524 1194 XLVII.

303 1211 522 1253 XLVIII.

274 1270 524 1312 XLVIIII.

446 1388 524 1429 LI.

418 1506 525 1547 LII.

390 1565 523 1606 LIII.

364 1682 523 1724 LIIII.

433 1741 525 1783 LV.

402 1859 523 1901 LVI.

375 1977 524 2018 LVII.

350 2094 525 2135 LVIII.

324 2153 527 2195 LVIIII.

429 2271 526 2313 LX.

400 2389 524 2430 LXI.

374 2505 525 2547 LXII.

347 2564 526 2606 LXIII.

320 2623 526 2664 LXIIII.

386 2682 526 2723 LXV.

359 2799 528 2842 LXVI.

578 445 799 487 Liudulfo
839 457 928 500 pax
969 444 1118 493 datur,
1163 445 1210 485 et
1250 457 1328 485 rex
1363 443 1607 485 Saxoniam
1648 457 1713 485 re-

576 504 786 547 vertitur.

578 563 824 605 Heinricus
855 562 1035 604 Novam
1066 561 1226 603 urbem
1259 561 1388 602 adiit.

577 621 790 673 Qualiter
819 634 899 663 rex
930 620 1076 661 filium
1110 619 1361 662 clementer
1392 619 1596 674 suscipit.

578 681 648 723 De
681 681 771 722 fine
802 680 1033 735 pontificis
1065 679 1329 720 Frithurici.

577 739 789 791 Qualiter
819 739 931 781 Ueri
962 753 989 780 a
1021 737 1201 780 Gerone
1234 738 1492 792 capiuntur.

577 798 789 851 Qualiter
810 798 1096 854 Reinesburg
1127 810 1174 839 se
1204 797 1362 847 tradit,
1397 799 1445 839 et
1475 797 1710 852 regionem

574 858 712 899 fratri
741 857 960 899 restituit.

578 917 648 959 De
674 917 851 958 famoso
875 916 1125 970 triumpho,
1153 928 1288 969 quem
1313 928 1392 956 rex
1418 915 1474 956 de
1497 914 1712 969 Ungariis

578 976 795 1018 obtinuit.

577 1035 648 1077 De
680 1047 836 1090 pugna,
866 1033 1101 1076 Thiadrici
1133 1034 1349 1075 adversus
1381 1032 1554 1074 Slavos.

577 1094 648 1136 De
681 1093 908 1149 portentis
941 1106 1056 1147 quae
1087 1092 1271 1134 interim
1307 1091 1587 1134 acciderunt.

576 1153 647 1195 De
679 1166 788 1194 casu
820 1151 1021 1194 Conradi
1052 1151 1194 1193 ducis.

577 1211 647 1253 De
678 1211 827 1252 tribus
860 1210 1053 1252 ducibus
1086 1210 1353 1251 Avarorum.

577 1270 648 1312 De
679 1270 916 1324 triumpho
947 1269 1081 1323 regis.

565 1329 647 1371 -De
679 1343 786 1384 rege
820 1330 867 1370 et
897 1328 1112 1370 versutiis
1135 1327 1411 1369 Wicmanni.

577 1388 648 1430 De
674 1388 891 1438 exercitu,
919 1387 998 1442 qui
1022 1387 1344 1428 Wicmannum
1371 1399 1486 1441 pene
1510 1386 1633 1441 cepit
1663 1386 1712 1426 in

576 1447 688 1489 urbe
721 1447 1062 1501 Suitleiscarea.

577 1505 816 1557 Quomodo
850 1507 986 1560 capta,
1017 1507 1087 1547 est
1119 1505 1228 1546 urbs
1251 1503 1710 1546 Cocarescemiorum.

576 1564 815 1616 Quomodo
861 1565 990 1605 ultus
1037 1566 1107 1606 est
1157 1577 1237 1605 rex
1287 1563 1415 1604 illam
1468 1563 1713 1618 depopula-

575 1624 763 1666 tionem.

577 1683 647 1724 De
680 1682 859 1725 Gerone
891 1682 1083 1736 preside.

580 1742 650 1784 De
697 1741 922 1783 Stoineffo
968 1740 1267 1782 barbarorum
1313 1752 1420 1794 rege
1472 1741 1518 1781 et
1565 1738 1712 1781 milite

578 1801 657 1855 qui
687 1814 792 1843 eum
825 1800 1007 1842 occidit.

576 1860 646 1901 De
692 1872 817 1914 rege,
866 1858 974 1913 quia
1023 1858 1192 1900 crebris
1237 1857 1441 1899 victoriis
1487 1857 1712 1911 gloriosus

576 1918 730 1960 factus
762 1920 845 1960 est.

576 1977 647 2019 De
693 1977 936 2027 Liudulfo‚
989 1976 1097 2030 quia
1148 1975 1298 2030 patria
1345 1976 1481 2017 cessit
1527 1977 1713 2030 propter

578 2049 761 2077 amicos.

578 2094 649 2135 De
680 2094 849 2135 litteris
880 2093 1060 2135 obitum
1092 2093 1189 2135 eius
1221 2092 1602 2146 significantibus.

579 2153 650 2195 De
683 2152 979 2203 Wicmanno‚
1023 2152 1102 2206 qui
1143 2152 1387 2193 Saxoniam
1427 2151 1608 2193 occulte
1649 2151 1712 2205 in-

576 2212 731 2253 travit.

580 2270 819 2322 Quomodo
852 2271 942 2312 fide
974 2268 1167 2312 Geronis
1208 2271 1448 2324 susceptus
1490 2271 1559 2311 est
1594 2268 1712 2310 Wie-

581 2343 787 2371 mannus.

577 2389 648 2431 De
695 2388 916 2444 prodigiis
963 2401 1079 2442 quae
1127 2389 1441 2443 apparuerunt
1487 2388 1537 2428 in
1578 2387 1712 2429 vesti-

578 2448 758 2490 mentis.

579 2506 649 2548 De
680 2506 951 2548 infirmitate
982 2505 1284 2560 imperatoris.

579 2564 650 2606 De
694 2565 980 2619 profectione
1022 2565 1224 2606 secunda
1260 2564 1382 2619 regis
1422 2564 1467 2605 in
1511 2563 1711 2605 Italiam.

579 2623 650 2666 De
673 2623 960 2673 Wicmanno‚
994 2623 1222 2677 quomodo
1252 2623 1423 2664 iterum
1456 2622 1712 2664 rebellavit.

579 2682 650 2724 De
702 2682 868 2732 Danis‚
922 2682 1150 2736 quomodo
1202 2681 1454 2724 Christiani
1508 2681 1713 2735 perfecte

578 2741 695 2783 facti
726 2742 847 2782 sunt.

581 2799 702 2842 Gero
754 2801 942 2855 propter
995 2799 1304 2840 iuramentum
1369 2798 1542 2840 dimisit
1596 2798 1715 2840 Wic—

578 2872 810 2901 mannum.

223 2972 254 3002 a)
272 2971 519 2998 suithleiscranne
538 2973 620 3004 infra
638 2974 668 2998 in
687 2981 710 3001 c„
729 2973 785 2999 Lt.
804 2980 866 2998 cum
885 2972 990 3004 reliqui
1007 2972 1115 2998 codices
1134 2974 1193 2997 tum
1213 2972 1243 3000 C.
