2034 3380
338 316 361 351 8
933 311 1225 348 WIDUKINDI

339 433 499 475 dentes
531 433 694 487 legati:
720 432 934 487 ‘Optimi'‚
961 433 1190 487 inquiunt,
1215 433 1440 484 ‘Saxones‚
1464 434 1617 476 miseri
1639 435 1815 478 Brettia

338 492 506 533 crebris
539 492 740 533 hostium
772 492 1107 535 incursionibus
1138 492 1327 547 fatigati
1360 495 1406 534 et
1438 493 1683 535 admodum
1721 507 1820 536 con-

336 551 449 600 triti,
484 550 654 592 auditis
675 551 879 592 victoriis
911 565 938 592 a
958 551 1085 592 vobis
1107 551 1347 605 magnifice
1370 552 1576 606 patratis,
1599 553 1820 594 miserunt

335 622 418 651 nos
450 609 508 651 ad
540 623 631 660 vos,
665 609 989 664 supplicantes,
1024 612 1076 650 ut
1108 610 1165 651 ab
1198 611 1262 652 eis
1302 606 1479 652 vestrab
1517 611 1687 652 auxilia
1727 625 1817 653 non

336 668 632 710 subtrahatis.
713 668 898 710 Terram
949 668 1091 709 latam
1138 671 1184 710 et
1231 669 1476 723 spatiosam
1525 671 1572 711 et
1617 670 1820 711 omnium

335 739 486 768 rerum
528 727 660 781 copia
698 727 916 769 refertam
957 729 1135 769 vestrae
1177 728 1400 769 mandant
1440 728 1607 770 ditioni
1647 743 1818 783 parere.

336 785 431 827 Sub
459 786 765 827 Romanorum
799 786 1022 827 hactenus
1055 786 1271 828 clientela
1302 800 1354 828 ac
1385 786 1535 828 tutela
1566 787 1820 830 liberaliter

334 844 550 894 viximus;
585 847 688 898 post
718 845 947 886 Romanos
978 844 1106 886 vobis
1147 845 1357 887 meliores
1396 845 1672 900 ignoramus,
1714 847 1819 888 ideo

334 903 418 944 sub
470 905 648 945 vestrae
699 903 883 944 virtutis
935 902 1031 944 alas
1082 903 1245 957 fugere
1306 904 1578 958 quaerimus.
1654 905 1820 947 Vestra

334 962 527 1012 virtute,
576 962 740 1003 vestris
787 961 923 1002 armis
970 961 1180 1003 hostibus
1225 963 1409 1003 tantum
1455 964 1710 1017 superiores
1755 964 1818 1005 in-

332 1020 582 1070 veniamur,
616 1022 663 1062 et
703 1020 919 1074 quiequid
959 1020 1181 1074 inponitis
1222 1021 1408 1072 servitii,
1450 1021 1649 1064 libenter
1689 1023 1818 1064 susti-

332 1078 521 1120 nemus'.
603 1078 794 1121 Patresl
841 1079 899 1120 ad
947 1079 1059 1120 haec
1106 1093 1253 1134 pauca
1297 1080 1596 1134 respondent:
1647 1080 1819 1123 ‘Certos

334 1137 502 1179 amicos
534 1137 733 1180 Brettis⁰
767 1137 966 1179 Saxones
999 1138 1152 1180 sciatis
1185 1140 1232 1179 et
1270 1152 1425 1180 eorum
1467 1139 1818 1182 necessitatibus

333 1198 471 1250 atque
503 1197 750 1238 commodis
782 1210 924 1250 aeque
960 1210 1139 1251 semper
1179 1197 1432 1239 affuturos'.
1503 1198 1667 1252 Legati
1706 1198 1818 1241 laeti

331 1252 598 1297 redieruntd
633 1255 681 1296 in
714 1255 924 1310 patriam,
957 1257 1172 1310 exoptato
1213 1256 1377 1298 nuntio
1419 1256 1562 1298 socios
1605 1256 1817 1300 laetiores

331 1314 591 1356 reddentes.
662 1314 842 1356 Deinde
883 1314 1155 1369 promissus⁰
1193 1315 1242 1355 in
1274 1311 1580 1357 Brittaniamf
1615 1316 1818 1357 mittitur

331 1373 580 1423 exercitus,
629 1375 675 1414 et
721 1375 961 1427 gratanter
1000 1373 1056 1414 ab
1099 1373 1256 1415 amicis
1297 1375 1554 1429 susceptus,
1602 1375 1651 1415 in
1691 1374 1817 1417 brevi

332 1430 498 1473 liberat
528 1432 762 1486 regionem
794 1446 821 1473 a
851 1431 1119 1482 latronibus,
1152 1432 1400 1474 restituens
1422 1433 1618 1487 patriam
1639 1433 1816 1476 incolis.

331 1489 491 1544 Neque
523 1491 644 1532 enim
675 1491 724 1531 in
755 1491 803 1532 id
835 1491 1012 1545 agendo
1054 1490 1251 1532 multum
1293 1491 1462 1533 laboris
1501 1492 1606 1542 fuit,
1649 1492 1816 1548 quippe

331 1549 410 1603 qui
441 1549 531 1590 iam
564 1549 674 1591 olim
706 1550 866 1591 audita
893 1550 1018 1591 fama
1040 1549 1270 1591 Saxonum
1292 1550 1490 1605 perculsi
1510 1550 1814 1601 terrebantur,

332 1607 608 1649 dummodo&
651 1608 882 1663 presentia
928 1622 1084 1650 eorum
1125 1609 1284 1663 procul
1324 1609 1562 1664 pelluntur
1575 1610 1603 1648 2.
1673 1609 1817 1651 Erant

331 1667 451 1708 enim
485 1667 571 1708 hae
603 1669 764 1721 gentes
796 1667 969 1709 Brettis
1001 1667 1216 1710 adversae
1249 1663 1425 1709 Scottih
1461 1670 1508 1710 et
1539 1668 1709 1719 Pehtti,
1743 1669 1816 1710 ad·

330 1738 486 1767 versus
532 1739 645 1779 quos
691 1726 944 1767 militantes
991 1726 1190 1768 Saxones
1237 1726 1525 1781 accipiebant
1571 1741 1598 1768 a
1644 1727 1816 1769 Brettis

330 1784 484 1825 omnia
524 1785 583 1826 ad
623 1798 757 1826 usum
798 1785 1066 1827 necessaria.
1137 1785 1407 1827 Manserunt
1447 1785 1602 1839 itaque
1642 1786 1691 1827 in
1733 1786 1816 1827 illa

328 1843 515 1897 regione
553 1843 790 1897 aliquanto
831 1846 1050 1897 tempore,
1083 1843 1253 1885 vicaria
1285 1843 1549 1886 Brettorum
1590 1844 1705 1887 bene
1744 1845 1816 1886 usi

331 1901 548 1943 amicitia.
603 1902 666 1943 Ut
698 1904 853 1943 autem
883 1902 1099 1944 viderunt
1130 1902 1357 1957 principes
1390 1903 1615 1945 exercitus
1647 1905 1813 1945 terram

329 1959 473 2002 latam
512 1974 565 2002 ac
604 1960 806 2003 fertilem
849 1962 895 2002 et
934 1961 1188 2002 incolarum
1236 1975 1397 2003 manus
1444 1962 1503 2003 ad
1549 1961 1814 2004 bellandum

329 2019 495 2073 pigras,
530 2033 576 2061 se
608 2033 714 2061 vero
747 2033 799 2061 ac
831 2020 1075 2061 maximam
1108 2022 1285 2074 partem
1308 2020 1535 2062 Saxonum
1560 2021 1658 2063 sine
1680 2021 1815 2063 certis

331 2077 514 2119 sedibus
527 2078 555 2129 3,
588 2074 805 2120 mittunti
839 2079 897 2128 ad
927 2079 1264 2120 revocandum4
1301 2079 1519 2121 maiorem
1550 2080 1814 2130 exercitum,

331 2138 377 2178 et
418 2150 528 2191 pace
568 2137 695 2178 facta
737 2151 839 2179 cum
880 2133 1079 2179 Scottisk
1125 2139 1172 2179 et
1210 2138 1392 2180 Pehttis
1407 2137 1434 2187 ⁵,
1482 2138 1531 2179 in
1577 2152 1815 2181 commune

329 2198 489 2237 contra
529 2196 713 2238 Brettos
762 2199 1046 2250 consurgunt
1093 2209 1258 2250 eosque
1304 2197 1489 2251 regione
1535 2197 1813 2251 propellunt,

327 2343 357 2376 a)
376 2345 459 2370 britti
478 2346 514 2376 A,
531 2347 635 2376 postea
658 2351 725 2369 vero
744 2345 850 2377 bretti3
871 2345 973 2370 Bracti
991 2345 1043 2370 ΒΞ
1062 2352 1181 2377 semper,
1204 2345 1241 2375 εἴ.
1261 2345 1392 2373 Mei-bom.
1404 2353 1437 2377 p.
1449 2346 1483 2371 41
1502 2346 1602 2378 (667).·
1622 2345 1693 2373 ‘MS.
1711 2346 1816 2371 Exom-

321 2380 427 2411 plaria
445 2380 545 2404 vitiose
563 2380 657 2411 legunt
676 2380 800 2408 Bracti'.
889 2379 919 2412 b)
943 2380 1056 2406 auxilia
1080 2383 1181 2406 uestra
1204 2381 1230 2405 B
1244 2381 1268 2408 1.
1359 2380 1386 2414 c)
1411 2381 1452 2406 sic
1470 2381 1523 2406 hoc
1540 2381 1601 2406 loco
1623 2382 1710 2406 etiam
1727 2382 1764 2414 A,
1790 2384 1814 2406 a

322 2417 427 2446 postea
447 2422 567 2447 semper.
653 2414 683 2448 d)
708 2415 740 2440 in
759 2416 884 2447 patriam
904 2416 966 2443 red.
985 2416 1022 2441 A.
1113 2417 1139 2446 e)
1162 2415 1312 2448 promissis
1331 2416 1433 2447 prima
1452 2424 1540 2441 manu
1559 2424 1635 2442 corr.
1654 2417 1815 2449 promissus

327 2442 500 2483 (promissis)
519 2451 550 2477 C.
631 2450 655 2483 f)
678 2451 719 2475 sic
743 2451 779 2478 Δ.
804 2451 842 2482 0,·
867 2451 1057 2476 brittanniam
1082 2451 1109 2476 B
1123 2453 1151 2484 13
1180 2451 1337 2477 Britannia
1392 2451 1456 2479 132.
1536 2451 1566 2484 g)
1588 2452 1657 2477 dum
1677 2452 1761 2477 modo
1779 2452 1816 2480 A.

328 2485 359 2516 b)
377 2486 418 2510 sic
430 2486 473 2517 Α,-
492 2485 565 2511 scoti
579 2488 610 2511 et
622 2485 718 2518 pehiti
731 2486 798 2518 1313
818 2486 909 2518 Semi,
929 2486 1028 2512 Pehiti
1045 2486 1112 2519 323
1136 2487 1232 2512 scothi
1251 2489 1281 2512 et
1298 2493 1335 2518 pe
1355 2487 1377 2512 ti
1394 2487 1441 2520 (=
1460 2486 1591 2520 pehcti‘?)
1611 2488 1649 2517 C'‚·
1673 2487 1711 2518 cf.
1737 2495 1764 2515 n.
1783 2487 1815 2513 k.

327 2519 350 2553 i)
378 2519 417 2545 ad
445 2521 644 2546 reuocandum
671 2521 739 2549 mai.
768 2528 864 2549 exerc.
892 2522 1014 2547 mittunt
1042 2522 1068 2547 B
1084 2522 1108 2549 1.
1217 2522 1249 2552 k)
1276 2522 1380 2548 scottis
1408 2526 1438 2548 et
1465 2521 1613 2557 peht-Iltis
1641 2523 1688 2554 A,-
1715 2523 1815 2549 scottis

326 2556 465 2586 (alterum
485 2559 496 2581 t
514 2559 585 2588 post
603 2558 759 2589 super-ser.)
778 2559 809 2583 et
826 2556 936 2588 pehitis
956 2557 1022 2589 B1;
1043 2558 1145 2583 scottis
1166 2559 1195 2582 et
1213 2557 1310 2589 pehtis
1329 2558 1382 2583 hoc
1401 2558 1461 2583 loco
1481 2557 1518 2589 0,·
1543 2565 1616 2590 pace
1633 2565 1701 2583 cum
1720 2557 1814 2584 scotis

328 2594 358 2617 et
377 2591 490 2617 Pehitis
510 2591 627 2617 firmata
645 2592 706 2619 ΒΞ.

328 2708 363 2753 1)
403 2708 603 2742 Secundum
635 2709 882 2744 Romanorum
918 2710 1061 2753 linquae
1094 2710 1384 2745 consuetudinem.
1441 2709 1670 2744 Wattenbaoh
1705 2710 1815 2743 inter-

322 2757 470 2798 pretam·
492 2756 616 2789 suadet
641 2757 718 2790 ‘Die
742 2756 953 2792 Elterleute’.
1067 2757 1104 2801 2)
1133 2757 1185 2799 Cf.
1210 2758 1252 2791 de
1275 2757 1337 2790 hoc
1361 2757 1433 2790 loco
1458 2756 1597 2799 Ham,
1626 2756 1814 2790 ‘Kirohen-

325 2802 516 2844 qeschichte
541 2803 809 2838 Deutschlands’
835 2804 908 2846 ΙΙΙ,
940 2816 978 2848 p.
1005 2805 1084 2839 314.
1182 2804 1218 2847 3)
1247 2803 1392 2839 Sallust.
1420 2804 1524 2839 Catil.
1551 2814 1578 2838 c.
1605 2805 1646 2839 6:
1671 2802 1814 2837 sedibus

326 2848 472 2882 incertis
490 2849 727 2894 vagabantur.
817 2852 854 2895 4)
874 2851 928 2893 Cf.
945 2852 1049 2893 infra
1066 2851 1140 2894 III,
1160 2852 1225 2887 54:
1251 2852 1369 2884 totum
1394 2850 1594 2885 exercitum
1619 2850 1814 2886 revocavit.

327 2896 363 2940 5)
400 2896 500 2929 Beda
530 2897 561 2939 I,
595 2907 621 2932 ο.
651 2898 712 2933 15:
747 2897 839 2931 inito
866 2897 912 2931 ad
937 2900 1080 2942 tempus
1105 2896 1251 2932 foedere
1283 2907 1366 2932 cum
1392 2895 1515 2933 Pictis.
1566 2897 1623 2940 Cf.
1650 2898 1815 2942 Lappa„-

325 2942 419 2986 bery,
448 2943 581 2978 vesola.
608 2953 673 2977 von
698 2944 879 2987 Enqzanoe
906 2945 936 2987 I,
968 2955 1006 2987 p.
1031 2946 1087 2987 70,
1122 2955 1156 2979 n.
1182 2945 1215 2979 4.

1845 684 1862 709 5

1845 978 1879 1003 10

1845 1271 1878 1296 15

1842 1565 1878 1590 20

1841 1858 1875 1883 25

1841 2151 1876 2177 30

2030 3022 2034 3025 ,
2027 3008 2029 3011 -
2018 2975 2034 2986 >T
2018 2793 2034 2969 'immam
2022 2707 2034 2783 [καθ’
2032 2694 2034 2699 .
