2034 3380
750 304 1055 341 PRAEFATIO.
1538 301 1652 338 XXV

302 434 389 476 Per
438 431 620 475 medium
669 442 768 471 vero
819 440 964 469 aevum
1015 426 1149 480 plura
1200 426 1335 478 fuisse
1391 424 1653 479 exemplaria

157 493 356 536 videntur
364 507 381 546 ,·
411 506 512 535 nam
552 486 808 533 Widukindi
839 485 994 528 librum
1025 484 1147 526 multi
1177 484 1489 538 chronographi
1524 484 1653 527 secuti

157 557 258 596 sunt
284 552 502 606 ipsumque
523 562 607 602 pro
632 550 756 600 parte
787 545 846 588 ad
873 545 1045 587 verbum
1075 543 1401 597 eoesoripserunt.

299 610 450 653 Primo
478 609 565 651 loco
590 605 860 649 Thietmarus
889 603 1179 646 nominandus
1208 607 1280 655 est,
1312 616 1432 656 quem
1451 617 1654 656 magnam

115 684 134 710 5
149 669 289 725 primi
318 673 358 712 et
384 666 560 711 secundi
589 664 692 708 libri
713 668 883 719 partem
914 676 965 705 eoe
1005 666 1147 705 nostro
1186 661 1379 704 hausisse
1418 661 1509 703 iam
1547 662 1655 704 satis

157 732 319 772 constat
330 728 357 781 1,
389 739 646 782 quamquam
675 738 780 767 raro
810 722 946 777 ipsius
975 722 1103 764 verba
1132 721 1320 774 retinuit,
1352 722 1427 763 sed
1444 734 1559 763 more
1580 734 1655 762 suo

157 789 324 831 easdem
353 800 423 830 res
451 789 610 829 mutato
640 797 830 826 sermone
860 781 1078 836 expressit.
1130 781 1234 824 Ideo
1264 780 1404 834 mayis
1424 781 1484 823 ad
1506 779 1654 822 Widu-

157 846 335 890 kindum
374 845 671 901 eaplioandum
710 856 839 897 quam
877 842 937 884 ad
974 841 1102 883 verba
1147 840 1409 883 restituenda
1456 838 1656 882 adhiberi

149 910 297 961 potest.

97 980 135 1005 ιο
302 965 352 1008 Is
397 964 472 1018 qui
517 963 713 1006 Annales
754 961 984 1003 Mettenses
1030 973 1135 1002 saec.
1182 959 1270 1000 XI.
1318 959 1382 1001 vel
1424 958 1544 1000 XII.
1591 957 1655 1000 in-

159 1024 336 1079 cipiente
373 1022 621 1076 consempsit
650 1035 701 1064 ex
729 1019 992 1064 Widukindo
1030 1033 1159 1073 quam
1190 1018 1387 1072 plurima
1426 1017 1658 1071 desumpsit

159 1084 329 1138 eiusque
358 1081 655 1126 narrationem
684 1080 733 1123 in
754 1079 957 1134 epitomen
978 1078 1149 1132 redeyit.
1207 1078 1347 1121 Codex
1367 1077 1658 1130 autogymphus

160 1159 189 1186 a
218 1142 471 1186 Duchesne²
501 1140 648 1193 edit-us,
688 1138 1079 1182 Oheltenhamensis
1108 1151 1175 1180 nr.
1214 1141 1326 1178 1853
1340 1137 1368 1190 3,
1405 1136 1495 1178 iam
1525 1136 1657 1178 Bero-

159 1201 340 1245 linensis
380 1199 640 1254 (Meerman.
681 1213 750 1241 nr.
796 1197 897 1252 141)
911 1198 941 1250 4,
987 1196 1128 1240 verbis
1166 1196 1214 1249 I,
1257 1201 1327 1237 36.
1376 1199 1657 1251 acceptoque

96 1274 136 1300 ιι
159 1263 447 1304 sacramento
477 1258 661 1312 finitur⁵
690 1262 729 1300 et
749 1258 998 1312 plerumque
1018 1255 1132 1299 ver-is
1152 1255 1398 1298 lectionibus
1418 1256 1656 1297 concordat.

165 1321 295 1373 Quem
325 1334 411 1362 non
442 1318 535 1361 sine
564 1318 710 1370 fructu
740 1316 909 1360 contuli.

303 1378 531 1431 Frutolfus
560 1377 791 1419 monachus
830 1380 869 1418 et
906 1375 1029 1429 prior
1060 1375 1104 1417 S.
1137 1374 1371 1417 Michaelis
1409 1373 1659 1416 monasterii

159 1437 491 1492 Bafmberyensis
519 1437 570 1479 in
600 1435 798 1479 chronico
826 1434 1076 1487 icniver·sali,
1108 1435 1220 1488 quod
1249 1438 1377 1476 antea
1406 1432 1659 1475 Elekehardi

170 1497 451 1552 Urauyiensis
496 1497 742 1539 credebatur
754 1496 781 1548 ⁶,
833 1509 1036 1548 maynam
1080 1493 1338 1536 Widukindi
1380 1496 1551 1546 partem
1602 1492 1661 1534 ad

96 1571 138 1597 20
161 1559 331 1600 verbum
362 1555 586 1610 descripsit
599 1555 625 1608 ⁷,
659 1554 797 1597 codice
826 1568 940 1607 usus,
973 1553 1047 1607 qui
1078 1554 1137 1596 ad
1166 1553 1210 1595 B
1235 1558 1254 1594 1
1290 1566 1425 1607 prope
1465 1552 1660 1598 accedere

161 1617 341 1659 videtur.
405 1616 507 1658 Non
536 1615 668 1657 solum
698 1614 748 1656 in
778 1614 1024 1656 enarrando
1055 1613 1160 1665 doto,
1193 1626 1314 1665 quem
1344 1611 1480 1654 Hatto
1511 1615 1659 1654 contra

162 1675 473 1718 Adalberhtum
523 1673 819 1728 excogitaverit
833 1673 861 1726 ⁸,
923 1686 1068 1715 verum
1119 1671 1246 1714 etiam
1307 1671 1358 1713 in
1417 1670 1660 1712 innumeris

164 1734 409 1778 lectionibus
439 1748 490 1776 ac
519 1732 659 1775 verbis
689 1731 962 1786 transpositis
993 1745 1086 1774 oum
1115 1730 1161 1773 B
1186 1735 1221 1784 1,
1263 1730 1412 1773 rarius
1443 1744 1536 1772 cum
1566 1729 1612 1771 B
1633 1733 1659 1770 2

164 1793 334 1836 omnino
375 1792 578 1836 convenit.
648 1792 723 1834 Ea:
769 1790 983 1834 Chronico
1022 1804 1119 1833 vero
1158 1790 1348 1842 Frutolfi
1387 1790 1450 1831 vel
1489 1803 1541 1831 ex
1586 1789 1662 1831 hoc

99 1866 140 1893 25
163 1857 285 1896 aucto
331 1854 385 1896 ab
429 1851 689 1894 Ehkehardo
734 1850 996 1904 Urauyiensi
1042 1851 1102 1893 ad
1145 1849 1487 1903 chronoymphos
1531 1847 1662 1890 medii

163 1912 258 1955 aevi
290 1912 503 1966 plurimos
541 1910 800 1955 Widukindi
839 1909 1037 1953 narratio
1066 1908 1272 1963 pervenit,
1306 1910 1365 1951 ad
1403 1922 1662 1963 anonymum

163 1971 353 2014 videlicet
391 1972 442 2013 de
480 1970 646 2024 oriyine
682 1969 822 2024 yentis
853 1969 1095 2012 Swevorum
1108 1969 1136 2021 ⁹,
1177 1968 1427 2011 monachum
1459 1968 1662 2009 Hamers-

165 2030 379 2083 lebensem,
417 2029 640 2072 Gestorum
670 2029 959 2083 episcoporum
979 2026 1405 2070 Halberstadensium
1437 2030 1660 2078 auctorem,

165 2088 383 2143 [Ottonem
423 2089 471 2130 F
467 2087 767 2142 risinyensem,
812 2086 1077 2129 annalistam
1117 2086 1410 2138 Palidensem,
1459 2084 1663 2128 Chroniei

102 2161 141 2188 ω
163 2147 423 2191 universalis
445 2146 651 2190 Saxonici
664 2147 699 2171 1⁰
719 2144 780 2199 et]
803 2145 1042 2189 Chronicae
1071 2145 1215 2200 reyiae
1243 2143 1504 2188 Coloniensis
1534 2144 1662 2197 scrip-

165 2211 306 2260 torem,
340 2207 559 2249 Albertum
581 2206 828 2248 Stadensem
842 2206 888 2258 11,
921 2204 1179 2247 Heinricum
1210 2206 1260 2246 de
1281 2203 1539 2256 Heri-ordia,
1571 2204 1663 2245 An-

165 2267 310 2309 dream
342 2265 704 2318 Ratisbonensem,
732 2264 1023 2315 Trithemium,
1056 2264 1295 2317 nonnullos,
1328 2263 1401 2317 qui
1432 2263 1662 2305 vernacula

164 2325 314 2379 linqua
343 2325 413 2368 usi
442 2325 600 2377 sunt12,
632 2324 742 2367 alios
754 2324 802 2366 ¹3.

167 2419 202 2461 1)
230 2418 311 2454 Rev.
336 2418 378 2454 F.
405 2417 542 2460 Kurze,
567 2416 632 2452 SS.
657 2428 690 2452 r.
719 2416 762 2452 G.
787 2417 917 2459 (1889)
935 2417 1097 2460 praefat.
1126 2426 1165 2459 12.
1192 2415 1240 2451 X.
1337 2414 1377 2459 2)
1408 2415 1503 2450 Hist.
1529 2415 1662 2450 Franz).

105 2472 142 2498 ³5
166 2464 230 2500 SS.
255 2465 333 2508 III,
364 2476 401 2508 p.
425 2466 627 2501 262—333.
749 2464 786 2508 3)
820 2464 902 2497 Non
938 2465 1042 2506 1833,
1077 2467 1117 2497 uc
1153 2463 1211 2498 w.
1236 2462 1388 2497 Archiv’
1415 2462 1486 2505 IV,
1516 2473 1555 2506 p.
1582 2464 1663 2498 539.

165 2513 203 2556 4)
232 2513 288 2554 Cf.
311 2512 388 2548 Val.
415 2512 517 2554 Rose,
542 2512 621 2546 ‘Die
645 2511 871 2545 lateinischen
895 2510 1405 2551 Meerman-Handschm'ffen
1430 2510 1495 2544 der
1516 2510 1663 2552 Kom‘yl.

166 2559 368 2594 Bibliothek
390 2570 438 2593 zu
463 2559 599 2593 Berzin’
625 2560 754 2602 (1892)
773 2570 813 2602 p.
831 2560 900 2594 317
913 2569 986 2602 sqq.
1084 2558 1120 2602 5)
1145 2558 1201 2600 of.
1229 2557 1394 2591 ‘Archiv’
1417 2557 1502 2599 VII,
1524 2569 1563 2601 p.
1583 2559 1663 2593 385.

169 2607 266 2648 Quae
289 2618 335 2641 εει)
354 2606 573 2640 Widulcindo
597 2606 728 2640 hausta
752 2610 848 2650 sunt,
875 2609 1047 2650 occupant
1062 2606 1191 2640 codicis
1206 2606 1271 2648 fol.
1290 2607 1370 2641 129.
1389 2604 1481 2647 129¹,
1499 2606 1666 2638 editionis

166 2654 440 2688 Duchesnianae
468 2666 506 2699 p.
532 2654 732 2690 331—333.
843 2655 880 2697 6)
919 2653 973 2696 Cf.
1007 2653 1055 2689 H.
1085 2653 1266 2694 Bresslau,
1293 2652 1351 2687 (Ν.
1377 2652 1530 2686 Archiv’
1555 2651 1664 2694 XXI,

105 2711 143 2737 40
161 2713 201 2746 p.
229 2699 384 2746 197'sqq.
505 2700 542 2747 7)
577 2701 696 2734 Nimis
729 2701 805 2743 fere
838 2702 970 2744 copiose
1002 2703 1070 2744 eyit
1103 2701 1146 2734 de
1178 2700 1245 2733 hac
1277 2711 1317 2733 re
1349 2701 1394 2734 A.
1421 2699 1559 2741 Wetzel,
1587 2699 1666 2732 ‘Die

171 2749 381 2784 Translatio
405 2749 442 2784 S.
468 2748 689 2783 Alexandr?
715 2748 820 2790 (Kiel
843 2749 954 2790 1881)
973 2759 1013 2792 p.
1041 2749 1087 2784 69
1102 2758 1177 2792 sqq.
1286 2748 1323 2790 8)
1352 2747 1415 2781 SS.
1438 2746 1501 2788 VI,
1524 2758 1563 2790 p.
1584 2749 1663 2782 174.

170 2798 250 2832 179.
358 2797 395 2835 9)
428 2796 483 2839 Cf.
516 2798 621 2839 infra
648 2807 687 2840 p.
716 2797 796 2838 131,
830 2806 866 2831 n.
893 2797 925 2831 1.
1042 2796 1099 2839 10)
1137 2794 1321 2829 ‘Deutsche
1356 2794 1578 2828 Chrom‘loen’
1611 2794 1664 2837 ΙΙ,

164 2854 204 2886 p.
221 2845 269 2880 20
283 2855 336 2887 sq.
372 2844 471 2878 Haeo
486 2843 624 2879 addidi.
664 2842 703 2879 0.
721 2843 838 2879 Η.-Ε.
938 2842 998 2888 11)
1019 2843 1075 2885 Cf.
1100 2843 1207 2884 infra
1227 2853 1265 2885 p.
1284 2843 1319 2884 4,
1343 2852 1380 2876 n.
1395 2843 1429 2877 7.
1528 2842 1586 2886 12)
1607 2842 1663 2883 Cf.

171 2890 353 2925 ‘Deutsche
377 2890 591 2925 Chronilcen'
608 2890 663 2933 II,
685 2902 722 2936 p.
739 2892 822 2927 259.
921 2890 980 2935 13)
1006 2890 1066 2923 Ita
1091 2889 1243 2923 historia
1253 2901 1266 2923 .·
1290 2887 1484 2934 Quomodo
1502 2887 1666 2924 Saxones

110 2945 146 2971 45
170 2935 290 2980 primo
313 2941 493 2972 venerunt
518 2937 564 2972 ad
588 2940 727 2973 terram
751 2936 944 2981 Saxoniae,
971 2948 995 2970 a
1019 2937 1200 2980 Ludewiq,
1227 2937 1412 2980 Reliquiae
1436 2938 1663 2980 manuscrip-

170 2988 287 3018 torum
304 2984 396 3027 XII,
415 2996 454 3029 p.
474 2987 554 3028 154,
579 2986 676 3019 edita
699 2997 744 3020 ex
768 2985 925 3027 Frutolfi
951 2985 1127 3019 Chronico
1151 2985 1282 3018 hau-sta
1306 2988 1366 3019 est.
