2034 3380
266 831 346 866 950.

269 1474 348 1509 951.

359 351 403 386 92
956 347 1248 383 WIDUKINDI

501 469 609 511 VII.
674 470 739 511 Eo
779 471 985 524 tempore
1026 471 1246 524 usurpato
1285 468 1507 524 imperio¹
1546 470 1755 524 regnavit
1793 470 1843 510 in

358 528 680 582 Longobardia
726 529 862 570 homo
908 528 1061 570 ferusa
1106 530 1153 570 et
1199 541 1383 578 avarus,
1438 530 1484 570 et
1535 529 1613 582 qui
1664 541 1843 570 omnem

358 587 584 628 iustitiam
606 588 801 642 pecunia
822 587 1054 636 venderet,
1078 583 1402 629 Bernhariusb·
1417 587 1444 627 ².
1483 587 1668 628 Veritus
1690 589 1843 628 autem

360 646 604 700 singularis
637 646 938 701 prudentiae3
966 646 1152 700 reginae
1183 646 1427 688 virtutem⁰
1461 660 1488 687 a
1515 641 1841 687 Hluthowieo‘¹

359 719 466 760 rege
498 705 685 747 relictae
698 704 726 754 4,
759 705 808 745 in
839 704 998 745 multis
1030 717 1129 746 eam
1166 705 1344 755 afflixit,
1383 718 1472 759 quo
1511 705 1634 746 tanti
1675 704 1839 746 deense

360 764 615 818 splendoris
647 763 935 817 extingueret
966 763 1039 804 vel
1071 766 1193 806 certe
1225 764 1501 805 obscuraret.

502 822 639 864 VIII.
702 822 792 862 Illo
833 824 1039 876 tempore
1077 835 1157 864 rex
1198 822 1502 877 proficiscitur
1540 822 1589 862 in
1632 821 1845 862 militiam

361 884 522 924 contra
539 876 851 922 Bolizlavumf
871 880 1051 935 regem⁶
1068 881 1388 922 Boemiorumg
1401 895 1409 931 ;
1435 883 1482 922 et
1504 894 1607 922 cum
1623 880 1847 934 capienda

361 943 480 982 esset
525 940 634 981 urbs
680 953 796 993 quae
837 940 1192 993 nuncupabatur
1232 939 1363 981 Nova
1375 939 1403 989 ⁶,
1447 939 1497 980 in
1536 952 1626 993 qua
1666 938 1846 981 clausus

361 999 658 1041 obsidebatur
681 993 928 1039 Bolizlavih
954 998 1088 1048 filius,
1112 998 1329 1052 prudenti
1349 1011 1429 1039 rex
1451 997 1641 1039 oonsilio
1664 997 1847 1039 diremit

361 1058 557 1112 prelium
572 1057 597 1106 ⁷,
642 1071 699 1099 ne
740 1052 893 1098 milesi
938 1057 987 1097 in
1026 1057 1256 1112 rapiendis
1298 1053 1528 1099 hostiumk
1573 1056 1730 1110 spoliis
1771 1055 1847 1097 ali-

361 1117 483 1171 quod
515 1111 794 1170 perieuluml
828 1111 1098 1157 incidereti.
1161 1115 1459 1158 Considerata
1489 1116 1646 1169 itaque
1676 1115 1847 1156 virtute

361 1176 481 1229 regis
514 1188 565 1216 ao
596 1175 838 1226 innumera
869 1174 1168 1216 multitudine
1201 1175 1438 1224 exereitus,
1473 1174 1710 1215 Bolizlavm
1735 1172 1847 1214 urbe

363 1247 568 1288 egressus
600 1234 767 1275 maluit
802 1235 962 1275 tantae
1002 1234 1231 1275 maiestati
1273 1234 1419 1275 subici
1460 1246 1592 1287 quam
1636 1232 1847 1273 ultimam

362 1293 608 1347 perniciem
642 1292 751 1346 pati.
815 1292 909 1333 Sub
942 1292 1172 1346 signisque
1205 1295 1330 1333 stans
1363 1294 1409 1333 et
1440 1304 1592 1345 regem
1625 1291 1843 1332 audiensn

361 1364 667 1405 responsaque
698 1351 894 1392 reddens
907 1350 934 1401 8,
968 1351 1148 1392 veniam
1177 1351 1366 1392 tandem
1403 1350 1668 1404 promeruit.
1732 1349 1847 1390 Inde

363 1410 501 1464 plena
530 1409 723 1451 victoria
754 1409 977 1463 gloriosus
1003 1409 1156 1450 factus
1176 1423 1256 1451 rex
1278 1409 1520 1450 Saxoniam
1542 1408 1846 1462 regreditur0.

506 1468 668 1509 VIIII.
732 1467 937 1522 Cumque
979 1481 1082 1509 eum
1112 1468 1259 1509 virtus
1301 1468 1508 1522 prefatae
1539 1467 1724 1521 reginae
1756 1479 1849 1508 non

363 1527 542 1576 lateret,
577 1526 792 1568 simulato
822 1527 988 1568 itinere
1009 1527 1199 1567 Romam
1233 1526 1459 1581 proficisci
1488 1526 1665 1566 statuit.
1719 1524 1849 1566 Cum-

364 1600 450 1640 que
497 1586 546 1626 in
586 1585 952 1639 Longobardiam
993 1587 1182 1627 ventum
1224 1587 1355 1635 esset,
1397 1585 1546 1626 aureis
1586 1583 1849 1626 muneribus

364 1658 563 1686 amorem
594 1645 780 1698 reginae
813 1657 948 1698 super
979 1657 1026 1685 se
1058 1644 1251 1698 probare
1283 1644 1541 1698 temptavit.
1605 1642 1705 1694 Quo
1745 1642 1849 1683 fide-

364 1704 471 1745 liter
512 1706 710 1757 experto,
758 1703 805 1743 in
848 1703 1111 1757 coniugium
1152 1703 1239 1744 sibi
1279 1716 1379 1744 eam
1420 1702 1611 1744 sociavit
1657 1714 1849 1756 cumque

366 1766 445 1804 eap
491 1762 651 1803 urbem
699 1762 905 1816 Papiam,
954 1775 1070 1815 quae
1117 1763 1186 1803 est
1232 1762 1360 1803 sedes
1405 1761 1549 1816 regia,
1603 1760 1806 1802 obtinuit
1819 1759 1846 1799 ⁹.

367 1821 498 1872 Quod
532 1835 635 1862 cum
666 1821 855 1862 vidisset
886 1820 1007 1861 filius
1040 1821 1136 1862 eius
1169 1820 1461 1869 Liudulfus‘1‚
1493 1819 1638 1860 tristis
1679 1832 1707 1860 a
1741 1831 1848 1872 rege

366 1880 574 1921 discessit
588 1879 634 1928 1⁰,
663 1879 985 1933 profectusque
1007 1879 1055 1919 in
1078 1879 1321 1920 Saxoniam
1343 1878 1625 1931 aliquamdiu
1646 1878 1848 1918 moratus

253 1954 352 1987 (Dec.)
365 1940 434 1980 est
464 1939 514 1979 in
545 1938 645 1979 loeo
678 1937 879 1979 consiliis
910 1937 1145 1979 funestoll
1176 1937 1499 1978 Salaveldunr.

364 2031 392 2060 a)
412 2030 496 2055 fortis
515 2029 576 2056 132.
643 2028 672 2059 b)
691 2029 731 2053 sic
746 2029 781 2053 A.
797 2029 836 2059 G‚·
855 2028 1029 2053 brenharius
1047 2028 1110 2060 Bl,
1124 2031 1227 2060 postea
1246 2034 1312 2053 vero
1331 2027 1522 2058 bernharius;
1543 2026 1724 2058 Berngarius
1741 2032 1851 2058 sempor

363 2065 390 2090 B
402 2065 434 2097 23
456 2064 627 2095 beringerus
643 2064 814 2094 Thietmar,;
833 2063 1024 2094 berengarius
1037 2063 1122 2088 Frut.
1137 2063 1225 2090 Saxo.
1291 2062 1318 2094 c)
1337 2063 1484 2088 uirtutum
1497 2062 1532 2089 A.
1600 2062 1630 2095 d)
1648 2060 1794 2087 ludewico
1807 2061 1850 2091 A,-

364 2100 511 2125 ludowico
525 2099 736 2131 31.(Si9eb.);
755 2099 939 2124 Lothouuico
953 2099 978 2123 Β
989 2099 1020 2131 2;
1038 2099 1191 2124 luthuuico
1206 2099 1236 2126 C.
1290 2099 1318 2129 e)
1334 2097 1416 2123 ducis
1435 2097 1621 2129 splendorem
1635 2097 1671 2124 Δ.
1723 2095 1748 2129 f)
1759 2096 1850 2122 boliz-

364 2136 443 2161 laum
468 2135 503 2162 A.
529 2135 619 2166 Siyeb.
644 2136 731 2161 Samo.
821 2134 851 2166 g)
875 2134 916 2158 sic
934 2134 970 2162 A.
989 2135 1020 2161 Ο.
1045 2134 1128 2161 Frut.
1150 2134 1247 2165 Samum
1272 2134 1444 2159 boemorum
1468 2133 1538 2165 313
1565 2132 1763 2158 Bohemorum
1786 2131 1850 2159 ΒΞ.

365 2171 395 2199 11)
414 2171 532 2195 bolizlai
546 2172 581 2197 A.
593 2170 677 2197 Frut.
731 2170 752 2200 i)
772 2170 878 2194 milites
899 2190 905 2196 .
924 2190 928 2195 .
948 2190 952 2195 .
971 2190 976 2195 .
998 2168 1237 2196 inciderentssi.
1292 2168 1323 2201 k)
1342 2168 1443 2200 spoliis
1463 2168 1592 2193 hostium
1610 2167 1642 2192 in
1655 2167 1719 2199 Bi,
1738 2167 1769 2192 in
1782 2169 1851 2199 post

364 2213 508 2238 superscr.
563 2205 584 2236 1)
598 2205 722 2236 perichn
736 2205 761 2229 B
772 2206 796 2232 1.
851 2204 891 2235 m)
905 2205 944 2229 sic
958 2205 992 2231 A.
1007 2205 1043 2235 05
1057 2205 1214 2229 bolizlafB
1224 2206 1237 2229 1
1249 2212 1255 2236 ;
1276 2204 1392 2229 Bolizaf
1402 2204 1427 2228 Β
1437 2204 1469 2236 2;
1490 2203 1632 2228 bolizlaus
1645 2202 1738 2234 Siyeb.
1750 2202 1851 2232 Erum

365 2242 528 2266 bolizlauus
549 2241 637 2267 Saxo.
692 2240 723 2272 n)
743 2241 844 2265 adiens
865 2239 894 2266 C.
952 2242 980 2270 o)
1000 2247 1149 2271 regressus
1169 2242 1214 2265 est
1229 2239 1297 2271 1323
1319 2242 1364 2264 est
1382 2245 1532 2270 regressus
1550 2238 1634 2265 Frut.
1687 2239 1718 2268 p)
1737 2243 1801 2262 eam
1820 2236 1851 2264 C.

366 2278 395 2307 q)
415 2276 543 2301 ludolfus
561 2276 586 2300 A
593 2285 604 2307 ,·
623 2274 763 2301 liudolfus
783 2276 851 2307 B13
872 2275 1029 2300 Luidulfus
1047 2275 1114 2307 1323
1133 2275 1267 2300 liutolfus
1286 2275 1369 2301 Frut.
1441 2273 1467 2306 r)
1485 2271 1659 2298 salaueldon
1676 2272 1760 2297 Erat.

366 2346 401 2391 1)
427 2347 472 2382 A.
500 2348 578 2382 950.
605 2347 686 2379 Dec.
712 2347 767 2381 15.
870 2347 906 2389 2)
934 2346 965 2380 I.
990 2356 1017 2380 e.
1043 2345 1285 2388 Berenyarius
1309 2345 1360 2380 ΙΙ.
1386 2343 1622 2386 (950—963).
1728 2341 1765 2387 3)
1793 2342 1849 2384 Cf.

365 2403 478 2437 supra
497 2404 536 2437 p.
555 2395 611 2436 37,
635 2394 658 2428 l.
677 2394 741 2427 23:
768 2391 958 2435 singularis
983 2391 1198 2435 prudentiae
1222 2390 1348 2436 regina
1373 2388 1589 2424 Mahthilda.
1685 2389 1721 2432 4)
1745 2389 1851 2422 Adel-

366 2440 489 2483 haidis,
523 2440 647 2473 viduae
678 2449 749 2472 non
782 2439 973 2481 Ludowici,
1008 2439 1067 2472 sed
1099 2439 1269 2472 Lotharii
1300 2439 1395 2480 reqis
1427 2438 1484 2479 (in
1517 2436 1661 2470 eundem
1694 2446 1851 2470 errorem

365 2488 491 2521 incidit
513 2486 769 2520 Widukindum
793 2489 930 2519 secutus
952 2485 1145 2519 Thietmar.
1166 2485 1221 2527 II,
1244 2487 1276 2521 5.
1301 2489 1332 2518 et
1354 2485 1438 2518 Vita
1459 2483 1599 2518 Mahth.
1625 2486 1699 2518 ant.
1725 2493 1752 2519 c.
1777 2483 1849 2523 10).

366 2534 565 2568 Lotharius
586 2544 619 2568 a.
637 2535 717 2569 950.
735 2533 821 2568 Nov.
840 2534 895 2568 22.
918 2536 1080 2566 mortuus
1101 2535 1189 2566 erat.
1286 2532 1322 2575 5)
1348 2532 1460 2565 Immo
1485 2531 1614 2565 ducem.
1657 2530 1713 2572 Cf.
1737 2539 1852 2574 supra

1874 1011 1908 1036 10

1874 1303 1908 1329 15

1875 1597 1910 1622 80

1874 1890 1909 1915 25

1875 2133 1910 2158 ³0

1875 2349 1910 2375 35

360 2592 400 2624 p.
426 2582 484 2622 43,
517 2592 553 2616 n.
580 2582 611 2616 7.
745 2581 781 2623 6)
822 2579 889 2613 Est
922 2580 1153 2622 Niuunburq,
1189 2580 1229 2612 in
1262 2580 1362 2612 cuius
1395 2578 1564 2612 subm-bio
1597 2577 1739 2611 Beheim
1775 2575 1852 2611 Otto
1874 2583 1911 2608 40

368 2629 423 2663 17.
450 2628 537 2664 Kal.
563 2630 656 2670 Auy.
681 2628 902 2660 donationem
928 2637 999 2669 pro
1025 2627 1060 2661 S.
1085 2626 1337 2659 Emmeramno
1361 2624 1466 2669 [DD.
1492 2625 1524 2666 I,
1551 2635 1590 2668 p.
1616 2624 1708 2666 207]
1733 2623 1851 2664 edidit,

366 2675 453 2708 urbs
486 2675 538 2709 vel
568 2686 601 2709 a.
630 2676 731 2710 1343.
765 2673 987 2716 Neumburqe
1018 2674 1209 2717 appellata,
1242 2673 1344 2706 hodie
1368 2671 1561 2714 Niembury
1590 2671 1644 2703 vel
1671 2670 1852 2712 Nimhurq

367 2722 415 2754 ad
455 2722 680 2764 confluentem
719 2721 821 2755 Albis
860 2724 890 2754 et
930 2721 1086 2754 Marlz’ni
1125 2720 1169 2753 ab
1210 2721 1340 2753 oriente
1374 2718 1526 2761 Praqae.
1591 2715 1851 2751 BOEHME'R.

368 2768 405 2812 7)
433 2768 489 2810 C'f.
514 2779 629 2813 supra
650 2780 686 2812 p.
707 2769 762 2811 14,
787 2768 807 2803 l.
826 2769 883 2803 24.
909 2771 939 2800 et
963 2779 998 2802 n.
1015 2769 1049 2803 4.
1146 2766 1182 2812 8)
1208 2767 1261 2801 De
1285 2767 1348 2800 hoc
1373 2766 1443 2799 loco
1462 2764 1591 2806 Wadz,
1617 2762 1722 2798 ‘VGJ
1744 2763 1794 2798 ed.
1817 2764 1849 2798 2.

375 2815 416 2858 V,
445 2827 484 2859 p.
513 2817 591 2858 102,
622 2827 657 2850 n.
683 2817 716 2857 2,
746 2819 848 2858 atque
872 2816 977 2857 infra
1006 2825 1032 2848 c.
1059 2816 1114 2850 31.
1213 2813 1248 2858 9)
1273 2813 1354 2846 Iam
1378 2815 1458 2846 ante
1481 2811 1682 2853 coniugium
1705 2811 1851 2852 factum,
1874 2815 1910 2842 45

367 2873 413 2897 m.
437 2863 528 2905 Sept.
551 2866 581 2895 et
606 2861 687 2903 Oct„
711 2873 778 2896 rex
798 2862 934 2905 Papiae
956 2865 1117 2895 versatus
1140 2865 1213 2901 est‚·
1236 2860 1320 2902 Rey.
1343 2859 1434 2902 Imp.
1455 2857 1508 2899 II,
1532 2867 1590 2892 nr.
1610 2857 1849 2893 1960—201.

367 2908 508 2942 Ibidem
540 2910 631 2942 diem
664 2909 816 2942 natalem
853 2909 1043 2943 celebravit.
1165 2906 1223 2952 10)
1260 2906 1314 2948 Cf.
1347 2904 1412 2940 Fr.
1440 2904 1551 2947 Juny,
1582 2904 1750 2947 ‘Ruotyer
1777 2903 1852 2936 und

367 2955 431 2988 der
455 2956 638 2997 Aufstand
671 2955 843 2996 Liudolfs
875 2966 938 2989 von
970 2954 1176 2988 Schwaben'
1205 2953 1370 2994 (Dissert.
1396 2951 1556 2986 Rostock‚
1589 2952 1700 2994 1901)
1727 2961 1767 2994 p.
1793 2950 1850 2987 25.

370 3001 428 3046 11)
456 3002 511 3043 Cf.
537 3012 651 3045 supra
676 3001 727 3044 II,
757 3003 809 3037 15.

2024 3136 2034 3236 ΒΗΛ..-
2023 3095 2034 3129 .-’
2024 3042 2034 3088 -.’.,
2030 3018 2034 3035 ,-
2032 2984 2034 3004 -
2031 2966 2034 2975 ,
2032 2940 2034 2949 1
