2034 3380
272 1617 351 1652 967.

191 1662 280 1694 (Sept.
293 1663 351 1695 21).

363 341 433 377 120
961 337 1253 374 WIDUKINDI

362 463 519 517 itaque
550 460 716 502 urbani
747 473 799 501 ac
830 459 1008 501 foeizore
1041 472 1256 513 pecorum
1288 458 1526 513 aggravaffi
1556 457 1669 499 urbe
1691 458 1846 512 egredi

363 523 471 564 sunt
518 520 678 562 eoacti.
756 518 862 559 Dux
908 517 1149 559 Sclavuma
1198 512 1451 558 austeriusb
1501 516 1738 570 alloquens
1789 516 1846 558 de

363 579 556 634 perfidia
587 581 633 620 et
664 590 858 631 nequam
892 576 988 618 eius
1030 576 1207 617 aobibus
1247 575 1412 629 arguit,
1440 575 1656 628 ‘hocquess
1694 574 1751 616 ab
1793 587 1846 616 eo

363 637 568 692 responsi
600 636 796 690 aceepit:
833 634 966 685 ‘Quid
999 633 1098 683 me‘‚
1131 634 1294 688 inquis,
1330 634 1399 675 ‘de
1431 633 1623 687 perfidia
1660 632 1846 688 arguis?

365 697 495 744 Ecce,
529 708 642 749 quos
672 707 757 736 nec
786 695 841 734 tu
872 707 956 735 neo
988 693 1198 734 dominus
1237 695 1346 733 tuus
1386 692 1635 746 imperator
1666 691 1846 733 vincere
1871 709 1888 734 5

364 754 593 809 potuistis,
636 749 763 794 mead
799 752 990 807 perfidia
1028 751 1224 792 inermes
1264 750 1545 791 assistunte’.
1617 750 1689 791 Ad
1732 750 1846 791 haec

365 814 458 854 dux
490 806 758 864 contianus,
792 824 895 852 eum
928 823 1035 851 suae
1068 809 1255 850 ditionis
1286 809 1471 862 regione
1512 809 1708 863 privans,
1750 808 1846 865 filio

364 871 519 926 ipsius,
553 873 716 924 quemg
746 870 883 910 antea
914 868 1119 909 obsidem
1151 867 1340 921 aceepit,
1374 866 1498 908 omni
1527 867 1669 921 ipsius
1701 869 1846 921 potes-

363 931 463 971 ταῦθ
493 929 680 970 tradita.
743 926 916 968 Milites
941 920 1262 967 Wiohmannih
1297 925 1433 966 variis
1471 925 1628 979 poenis
1665 925 1846 975 afflixit,

365 987 491 1028 urbis
512 980 723 1041 predami
750 985 843 1026 suis
870 984 1093 1025 militibus
1117 984 1316 1033 donavit,
1340 979 1610 1024 simulacrok
1631 983 1819 1024 Saturni
1833 983 1848 1007 ¹
1872 1001 1907 1026 10

366 1059 420 1087 ex
461 1058 563 1086 aere
605 1043 734 1084 *fuso
749 1044 776 1093 ²,
824 1043 946 1097 quod
988 1042 1054 1083 ibi
1096 1042 1218 1084 inter
1258 1042 1349 1083 alia
1393 1042 1519 1083 urbis
1565 1042 1710 1096 spolia
1753 1055 1848 1096 rep·
1873 1054 1996 1086 mm.

365 1103 497 1158 perit,
530 1116 747 1156 magnum
780 1101 1093 1155 speciaeulum
1126 1100 1294 1155 populo
1326 1100 1510 1155 prebuit
1534 1100 1769 1154 vioborque
1799 1100 1850 1141 in

365 1162 563 1215 patriam
594 1160 827 1202 remeavib.

507 1218 755 1260 LXVIIII.
832 1218 1039 1260 Audiens
1091 1219 1244 1259 aufiem
1287 1212 1639 1258 Wiehmannus¹
1688 1217 1847 1258 urbem

367 1280 549 1332 captam
581 1277 815 1330 sociosque
847 1276 1078 1317 afflictosm
1109 1277 1168 1317 ad
1209 1276 1427 1317 orientem
1462 1279 1646 1317 versusn
1680 1276 1847 1317 iizerum
1873 1292 1907 1317 15

367 1349 413 1377 se
446 1335 635 1389 paganis
666 1335 886 1385 inmersit,
921 1334 1131 1387 egibque⁰
1160 1348 1261 1375 oum
1295 1334 1494 1375 Sclavisv
1521 1334 1599 1387 qui
1632 1334 1849 1375 dicuntur

366 1393 640 1443 Vuloiniq·³‚
669 1393 894 1446 quomodo
915 1393 1163 1434 Misacamr
1191 1393 1383 1434 amioum
1417 1392 1704 1447 imperatoris
1726 1392 1849 1434 bello

366 1452 714 1502 laseesserent⁸;
758 1452 879 1505 quod
918 1465 1021 1492 eum
1062 1451 1249 1492 minime
1281 1451 1433 1492 laizuih.
1496 1450 1586 1501 Qui
1626 1451 1750 1491 misit
1790 1451 1849 1492 ad

367 1507 675 1551 Bolizlavumt
712 1523 866 1564 regem
901 1510 1218 1551 Boemiorumu
1254 1532 1312 1537 —
1350 1513 1517 1563 generv
1554 1509 1674 1550 enim
1707 1509 1849 1563 ipsius

368 1568 496 1610 erat4
527 1590 581 1595 —
615 1568 880 1622 accepitque
913 1568 969 1608 ab
1003 1582 1055 1609 eo
1087 1568 1291 1621 equitum
1325 1569 1437 1609 duas
1459 1567 1592 1609 acies.
1645 1566 1850 1621 Cumque
1874 1585 1910 1610 20

367 1629 526 1667 eontra
572 1640 676 1668 eum
708 1626 1074 1667 WiehmannusW
1106 1626 1309 1668 duxisset
1355 1626 1623 1676 exercitum,
1672 1626 1850 1680 pedifies

368 1685 562 1738 primum
605 1685 675 1726 eix
710 1684 898 1725 inmisit.
971 1684 1175 1738 Cumque
1208 1698 1262 1726 ex
1292 1685 1420 1726 iussu
1456 1685 1584 1726 ducis
1625 1684 1849 1739 paulaffim

367 1746 546 1784 eoramy
588 1743 893 1784 Wiohmanno
939 1743 1177 1797 fugerent,
1231 1757 1258 1784 a
1308 1743 1468 1784 eastris
1519 1743 1701 1797 longius
1752 1756 1849 1797 pro-

365 1802 612 1852 trahituff,
662 1802 893 1855 equitibus
934 1815 961 1842 a
1004 1805 1136 1855 bergo
1181 1801 1399 1852 inmissis,
1441 1802 1571 1856 signo
1617 1802 1848 1857 fugientes

365 1904 394 1933 a)
413 1903 523 1928 flauum
542 1903 588 1933 A,·
612 1903 727 1928 slauum
747 1903 775 1930 0.
795 1903 886 1930 Saxo.
964 1902 995 1936 b)
1014 1903 1161 1929 hasterius
1180 1904 1241 1930 Β1.
1319 1905 1346 1935 e)
1368 1904 1423 1929 hoc
1442 1910 1560 1935 quoque
1578 1904 1640 1932 ΒΞ.
1659 1904 1688 1931 G.
1767 1902 1798 1935 d)
1817 1904 1850 1930 in
1873 1907 1908 1932 25

366 1944 402 1963 ea
420 1938 482 1964 Β2.
521 1963 524 1967 ,
551 1939 578 1968 e)
598 1938 731 1963 existunt
749 1938 787 1969 0;
806 1933 905 1963 assist⁴
922 1938 983 1965 Β1.
1056 1939 1079 1968 f)
1098 1942 1127 1963 et
1146 1939 1214 1963 add.
1235 1946 1326 1970 supra
1346 1939 1422 1963 linea
1445 1939 1501 1966 Bl.
1573 1938 1604 1971 g)
1622 1946 1709 1971 quem
1722 1953 1758 1958 —
1770 1940 1849 1964 omni

365 1972 457 2004 ipsius
471 1980 525 2000 om.
539 1973 572 2000 A.
646 1973 677 2005 h)
696 1973 858 2004 wigmanni
878 1973 912 2000 Α.
931 1973 957 1998 Β
967 1974 991 2000 1.
1010 1974 1037 1998 2.
1057 1974 1145 2000 Saxo.
1217 1974 1237 2005 i)
1252 1973 1373 2005 predam
1388 1988 1421 1992 —
1435 1974 1516 2000 urbis
1531 1981 1584 2001 om.
1598 1974 1688 2001 Saxo.
1759 1974 1791 2007 k)
1809 1975 1849 2000 sic

365 2008 394 2034 h.
412 2008 431 2034 l.
450 2008 536 2032 etiam
555 2008 590 2039 A,
610 2008 646 2038 εἴ.
665 2015 756 2039 supra
769 2016 801 2039 p.
815 2009 876 2040 118,
895 2016 923 2034 n.
938 2015 971 2040 a;
992 2009 1168 2033 simulachro
1188 2009 1214 2033 B
1226 2010 1248 2036 1.
1333 2009 1355 2040 1)
1373 2009 1414 2034 sic
1431 2010 1459 2037 h.
1475 2010 1493 2036 l.
1512 2010 1598 2034 etiam
1615 2009 1707 2034 Fame
1726 2017 1760 2040 p.
1780 2010 1847 2042 456;

365 2042 549 2074 wigmannus
565 2043 600 2068 A.
619 2043 679 2070 Β1.
699 2043 723 2070 2.
742 2043 830 2070 Samo.
904 2042 944 2075 m)
959 2043 1000 2067 sic
1015 2044 1076 2070 Β1.
1093 2044 1117 2070 2.
1134 2044 1229 2075 Saxo;
1249 2043 1524 2070 circumuentos
1541 2045 1584 2075 A;
1603 2051 1806 2076 oppressos
1818 2044 1848 2072 G.

364 2077 456 2102 Fazke
475 2078 493 2104 l.
510 2078 529 2105 l.
557 2078 600 2108 Cf.
617 2078 747 2109 praefat.
819 2080 851 2109 n)
875 2085 1012 2103 reuersus
1032 2079 1062 2106 C.
1079 2079 1180 2106 Falloe.
1252 2080 1280 2110 o)
1305 2080 1425 2111 egitque
1445 2093 1476 2098 —
1497 2080 1691 2105 laseesserent
1711 2087 1766 2107 om.
1783 2080 1846 2105 Β1.
1872 2081 1907 2108 30

364 2111 395 2144 p)
420 2112 505 2137 flauis
531 2113 574 2144 A;
599 2113 688 2138 slauis
714 2113 743 2140 C.
768 2113 858 2140 Saxo.
882 2113 983 2139 Fame.
1083 2115 1114 2145 q)
1139 2114 1238 2139 wlouu
1263 2114 1306 2145 A,·
1332 2115 1426 2139 uulini
1450 2115 1547 2146 Saoeo;
1571 2115 1725 2140 uulouuini
1748 2115 1849 2141 Falho.

364 2146 390 2179 r)
411 2147 544 2173 Misicam
563 2148 590 2172 B
600 2148 615 2172 2
631 2150 656 2172 et
670 2148 732 2172 alia
745 2156 833 2172 manu
846 2156 920 2175 corr.
936 2155 950 2173 e
963 2149 1100 2173 misacam
1113 2149 1145 2174 0.
1218 2150 1243 2180 s)
1258 2150 1300 2174 aio
1312 2150 1351 2180 0,·
1363 2150 1542 2175 lacesserent
1554 2150 1590 2178 A.
1603 2150 1629 2174 B
1638 2150 1663 2177 2.
1735 2151 1758 2181 t)
1769 2150 1811 2175 sic
1822 2152 1848 2175 a

364 2182 461 2213 Soxo;
480 2183 637 2207 bolizlaum
657 2183 692 2209 A.
713 2183 820 2215 Falke;
839 2183 1031 2209 Boluzlauum
1050 2184 1076 2210 h.
1092 2185 1111 2211 l,
1129 2184 1191 2211 132.
1273 2186 1305 2216 u)
1322 2185 1363 2209 sic
1381 2186 1416 2212 A.
1436 2185 1466 2212 Ο.
1484 2185 1581 2216 Saoe0,·
1600 2185 1768 2210 boemorum
1785 2185 1847 2213 Β1.

363 2217 472 2248 Falke,·
490 2218 687 2243 Bohemorum
706 2218 766 2245 Β2.
856 2220 887 2249 v)
912 2225 949 2244 ex
971 2225 1078 2250 genere
1097 2219 1185 2246 Saxo.
1204 2233 1239 2237 —
1257 2220 1336 2244 enim
1356 2226 1411 2247 om.
1430 2220 1459 2247 C.
1549 2221 1588 2251 w)
1606 2221 1790 2251 wigmannus
1809 2220 1845 2247 A.

363 2252 389 2276 B
406 2253 430 2277 l.
457 2252 482 2279 2.
589 2252 621 2285 x)
646 2253 675 2277 in
700 2260 767 2279 eum
791 2254 870 2278 misit
894 2254 921 2278 B
937 2255 961 2280 l.
1068 2253 1100 2286 y)
1125 2261 1223 2279 eoram
1249 2261 1282 2279 eo
1308 2256 1442 2286 fugerent
1460 2255 1629 2286 wigmanno
1650 2262 1725 2281 corr.
1747 2262 1846 2280 eoram
1871 2257 1906 2282 35

362 2287 529 2318 wigmanno
553 2288 692 2319 fugerent
716 2289 743 2313 B
759 2289 783 2316 1,
807 2302 842 2307 -
866 2289 1036 2320 wigmanno
1056 2289 1141 2313 etiam
1161 2289 1195 2316 A.
1216 2289 1280 2317 Β2,
1302 2290 1390 2317 Saxo.
1497 2291 1525 2320 z)
1549 2290 1697 2321 protrahit
1720 2289 1748 2314 B
1763 2291 1787 2317 1.
1811 2303 1847 2308 —

363 2322 573 2352 equitibusque
592 2322 691 2349 Fallce.

364 2391 399 2433 1)
427 2390 626 2423 Saturnum
649 2391 784 2433 glossae
802 2391 1009 2424 Bohemioae
1033 2392 1194 2425 Sitiwrat
1218 2393 1400 2436 appellant
1408 2405 1421 2432 ‚·
1445 2394 1490 2435 cf.
1507 2393 1680 2437 Pazaclcy,
1707 2394 1844 2428 veson.

362 2447 428 2470 von
445 2437 613 2470 Bb'hmen’
633 2437 658 2470 I
669 2438 807 2480 (1864),
829 2449 864 2480 p.
884 2439 963 2480 179,
977 2449 1012 2473 n.
1101 2438 1139 2481 2)
1159 2439 1215 2480 Cf.
1232 2439 1275 2474 L.
1296 2439 1523 2482 Giesebrecht,
1541 2440 1761 2474 ‘Wendisohe
1780 2441 1844 2475 Ge-

361 2483 547 2516 schiohten’
573 2484 604 2525 I,
634 2495 672 2527 p.
700 2485 764 2527 65;
798 2484 930 2517 Hauc-le
953 2485 1027 2526 III,
1055 2495 1095 2528 p.
1120 2486 1176 2521 85.
1280 2486 1316 2529 3)
1353 2486 1475 2520 Slavos
1506 2487 1657 2521 Wilinos
1689 2488 1845 2531 afferunt
1867 2498 1904 2524 40

361 2530 478 2563 Adam
496 2530 613 2567 Brem,
632 2530 686 2573 H,
707 2532 752 2566 18
769 2547 810 2558 =
830 2531 1034 2564 Helmozdus
1050 2531 1081 2572 I,
1098 2534 1131 2566 2.
1172 2532 1392 2566 Recentiores
1417 2534 1466 2566 ad
1481 2534 1596 2567 lacum
1613 2535 1844 2568 Bellimnsem

361 2581 392 2609 et
415 2577 537 2610 urbem
560 2577 765 2610 Fehrbezcin
794 2587 913 2611 eorum
945 2578 1039 2611 sedes
1071 2580 1182 2622 inepte
1217 2580 1456 2619 collocarunt,·
1489 2590 1564 2614 cum
1591 2582 1682 2614 enim
1715 2582 1842 2626 clades,

361 2633 469 2666 quam
493 2623 549 2657 hic
573 2626 742 2667 accepisse
765 2625 944 2667 dicuntur,
973 2625 1080 2666 infra
1107 2640 1145 2670 p.
1175 2627 1253 2668 122,
1285 2626 1307 2661 l.
1335 2628 1389 2662 18.
1419 2627 1588 2660 Redariis
1612 2628 1842 2671 attribuatur,

354 2669 497 2712 partem
530 2670 660 2703 horum
695 2681 751 2704 eos
783 2671 895 2712 fuisse
926 2674 1014 2704 recte
1051 2675 1182 2706 censuit
1214 2673 1399 2706 Dammler
1428 2684 1467 2716 p.
1502 2675 1584 2716 433,
1622 2684 1656 2709 n.
1691 2675 1724 2709 3.
1787 2674 1840 2717 Cf.

359 2716 575 2760 Schafarilc‚
615 2717 731 2753 ‘Slaw.
770 2717 1021 2760 Alterthvzmem
1058 2719 1172 2753 abere.
1208 2729 1274 2753 von
1310 2719 1539 2762 Aehrenfeld’
1575 2720 1638 2763 II,
1674 2731 1712 2763 p.
1751 2722 1841 2764 575;
1865 2730 1902 2756 45

357 2762 587 2807 &eamn-up,
626 2764 824 2797 ‘Venderne
859 2774 902 2807 09
938 2765 978 2798 de
1015 2765 1162 2799 Danslce
1197 2767 1258 2808 fo'r
1291 2766 1481 2799 Valdemar
1515 2767 1582 2799 den
1617 2766 1736 2800 Stores
1771 2767 1840 2802 tid'

356 2809 652 2852 (Univ.-Proyr.
679 2810 908 2851 Kffibenhavn
935 2813 1045 2855 1900)
1072 2823 1111 2855 p.
1138 2813 1185 2847 34
1199 2823 1271 2855 sqq.
1390 2811 1427 2857 4)
1459 2812 1652 2848 Thietmar.
1679 2814 1748 2857 IV,
1775 2816 1842 2851 55:

358 2853 431 2888 Hic
465 2856 552 2897 (M.)
586 2867 607 2890 a
639 2855 791 2891 Boemia
823 2857 970 2902 regione
1003 2858 1163 2892 nobilem
1199 2858 1266 2892 sibi
1301 2868 1451 2892 uxorem
1485 2858 1634 2893 senioris
1666 2859 1842 2895 Bolizlavi

356 2899 513 2935 duxerat
537 2913 707 2938 sororem.
737 2931 744 2939 .
768 2931 775 2939 .
801 2932 808 2939 .
834 2903 1013 2938 Dobrawa
1039 2932 1046 2940 .
1071 2932 1078 2940 .
1105 2903 1316 2939 sclavonice
1340 2903 1539 2941 dicebatur.
1582 2906 1638 2948 Cf.
1656 2907 1842 2942 Dammlor

352 2957 391 2989 p.
417 2949 499 2989 434,
530 2959 564 2983 n.
594 2951 633 2992 13
664 2950 840 2993 Westberq
864 2952 886 2985 l.
915 2952 937 2986 l.
966 2962 1005 2993 p.
1033 2952 1101 2987 102
1117 2962 1166 2994 sq.
1864 2962 1900 2988 50
