2034 3380
392 338 410 371 1
417 338 460 372 12
990 334 1282 370 WIDUKINDI

297 467 376 502 955.
393 456 594 498 Sclavisa
629 452 1045 511 conspiraverantb‚
1078 457 1359 498 iudicatum0
1395 459 1464 499 est
1485 455 1869 500 Wichmannumd

392 517 438 557 et
470 515 778 557 Ecberhtume
812 530 893 570 pro
925 516 1134 557 hostibus
1166 515 1391 570 publicisl
1423 511 1620 558 haberef
1649 519 1872 571 oportere,

392 574 581 616 caeteris
613 588 720 616 vero
752 578 982 629 parcereg‚
1026 575 1250 629 siquidem
1290 588 1491 617 remeare
1522 574 1776 616 voluissent
1816 576 1874 617 ad

391 646 507 674 suos.
570 633 746 675 Aderat
786 636 831 675 et
872 633 1043 687 legatio
1085 633 1380 675 barbarorum
1420 633 1597 675 tributa
1636 634 1780 675 socios
1820 648 1875 676 ex

390 706 514 733 more
535 687 681 734 velleh
708 692 964 747 persolvere
995 692 1228 742 nuntians,
1262 694 1493 734 caeterum
1516 693 1874 735 dominationem
1898 707 1916 732 5

389 751 588 804 regionis
619 751 738 793 velle
777 753 956 802 tenere;
999 752 1085 793 hoc
1126 754 1261 805 pacto
1302 765 1459 805 pacem
1495 751 1628 802 velle,
1671 751 1875 805 alioquin

390 823 471 863 pro
518 809 733 851 libertate
781 811 917 851 armis
959 812 1133 852 certare
1148 810 1175 849 2.
1254 810 1510 864 Imperator
1550 810 1608 851 ad
1650 811 1762 851 haec
1810 824 1873 852 re-

390 868 595 922 spondit:
644 882 803 923 pacem
850 869 1034 922 quidem
1082 869 1145 910 eis
1192 864 1501 922 nequaquami
1551 882 1740 923 negare,
1794 869 1874 911 sed

390 927 662 968 omnimodis
704 928 812 968 dare
853 941 946 968 non
986 940 1138 981 posse,
1180 927 1269 968 nisi
1308 927 1524 968 iniuriam
1563 929 1872 982 perpetratam

390 985 528 1039 digno
581 986 753 1027 honore
801 999 853 1027 ac
901 986 1220 1027 emendatione
1272 987 1535 1040 purgarent.
1619 985 1872 1040 Omniaque
1899 1001 1932 1026 ιο

388 1044 611 1085 vastando
644 1047 690 1086 et
721 1044 1008 1086 incendendo
1048 1058 1128 1099 per
1167 1044 1270 1086 illas
1311 1040 1548 1098 regionesk
1584 1045 1716 1086 duxit
1755 1058 1872 1086 exer-

389 1103 554 1153 citum,
608 1103 751 1145 donec
797 1103 984 1145 tandem
1033 1103 1192 1144 castris
1238 1103 1399 1158 positis
1445 1117 1581 1158 super
1625 1099 1874 1144 Raxam¹·3

388 1161 577 1202 fluvium
625 1162 683 1203 ad
729 1162 1103 1204 transmeandum
1149 1162 1395 1217 paludibus
1441 1161 1767 1204 difficillimum
1814 1161 1871 1203 ab

389 1220 598 1262 hostibus
620 1221 1018 1262 circumfunditur.
1072 1221 1113 1261 A
1134 1223 1264 1275 tergo
1286 1234 1481 1274 namque
1506 1217 1635 1274 [viam]
1659 1221 1872 1262 arborum

387 1279 549 1321 robore
581 1279 848 1329 obstruitur,
883 1280 1131 1332 eademque
1169 1281 1447 1321 armatorum
1487 1293 1627 1321 manu
1657 1279 1869 1320 vallatur.
1898 1293 1931 1318 ιε»

387 1337 455 1378 Ex
496 1338 683 1379 adverso
722 1338 924 1379 fluviusn
970 1338 1197 1391 fluvioque
1239 1338 1457 1392 contigua
1500 1338 1632 1392 palus
1677 1340 1724 1379 et
1767 1352 1871 1379 cum

387 1397 566 1450 ingenti
607 1397 809 1438 exercitu
842 1397 1056 1438 Sclavus⁰
1095 1396 1340 1438 bellatores
1373 1399 1420 1438 et
1461 1397 1517 1438 ab
1558 1410 1693 1451 opere
1734 1398 1781 1438 et
1813 1396 1869 1438 ab

386 1455 551 1497 itinere
592 1455 853 1509 prohibens.
916 1455 1121 1497 Vexatur
1161 1457 1316 1496 autem
1353 1457 1400 1496 et
1431 1455 1534 1496 aliis
1573 1455 1870 1496 incommodis

387 1514 625 1564 exercitus,
658 1514 816 1555 morbo
848 1514 1021 1568 pariter
1052 1518 1131 1555 acP
1158 1514 1293 1555 fame.
1348 1514 1471 1554 Dum
1492 1514 1606 1554 talia
1627 1517 1872 1568 agerentur

387 1586 468 1626 per
499 1572 653 1626 plures
685 1573 794 1622 dies,
828 1573 1032 1614 mittitur
1064 1574 1121 1614 ad
1154 1572 1408 1627 principem
1440 1572 1751 1620 barbarorum,
1793 1572 1872 1626 qui
1897 1586 1932 1611 20

387 1631 626 1673 dicebatur
659 1631 884 1682 Stoinefq,
920 1630 1039 1673 Gero
1072 1645 1233 1681 comes,
1267 1631 1483 1685 quatinus
1519 1631 1785 1686 imperatori
1825 1644 1872 1673 se

387 1690 548 1732 dedat:
597 1690 822 1732 amicumr
868 1704 949 1745 per
994 1690 1043 1731 id
1090 1691 1385 1745 adepturum,
1439 1704 1531 1731 non
1578 1691 1757 1741 hostem
1803 1703 1872 1732 ex-

386 1751 624 1802 perturum
638 1749 667 1789 4.

529 1819 713 1860 *LIIIL
776 1820 921 1860 Erant
961 1820 1155 1874 quippeS
1202 1819 1252 1860 in
1284 1818 1462 1861 Gerone
1502 1819 1676 1861 multae
1716 1817 1863 1861 artest
1897 1828 2015 1860 *zo-⁴⁶¹-

385 1877 531 1919 bonae
546 1877 572 1928 ⁵,
607 1878 812 1920 bellandi
843 1878 1020 1932 peritia,
1053 1879 1103 1918 in
1133 1878 1270 1919 rebus
1293 1877 1502 1919 civilibus
1525 1877 1644 1919 bona
1666 1877 1868 1927 consilia,
1895 1889 1930 1914 25

385 1936 495 1977 satis
529 1936 829 1990 eloquentiae,
864 1936 1089 1977 multumu
1126 1936 1357 1986 scientiae,
1391 1938 1438 1978 et
1469 1936 1547 1990 qui
1578 1936 1870 1991 prudentiam

385 2008 515 2036 suam
572 2000 737 2050 operev
794 1996 1090 2037 ostenderetW
1141 2009 1278 2049 quam
1334 2008 1432 2045 ore;
1486 1996 1533 2035 in
1586 1995 1869 2048 adquirendo

384 2120 413 2154 a)
437 2121 478 2146 sic
501 2122 569 2154 R2;
595 2122 680 2147 flauis
701 2122 744 2153 A,·
768 2122 857 2147 slauis
879 2128 931 2149 sec.
954 2128 1042 2146 manu
1061 2128 1135 2149 corr.
1160 2121 1266 2146 sclauis
1290 2121 1361 2153 B1;
1388 2121 1479 2146 slauis
1499 2120 1529 2148 G.
1547 2120 1639 2148 Saxo.
1744 2119 1775 2153 b)
1799 2127 1868 2145 con-

383 2157 575 2188 spirauerunt
592 2158 661 2190 1313
688 2158 858 2189 conspirant
876 2157 912 2182 A.
1001 2156 1029 2190 c)
1047 2155 1270 2188 indicatumque
1290 2157 1314 2180 B
1325 2157 1350 2184 2.
1440 2156 1469 2187 d)
1487 2156 1528 2181 sic
1546 2156 1583 2180 A.
1603 2156 1641 2187 C,·
1669 2156 1868 2187 wigmannum
2030 2160 2034 2189 ᾖ

382 2192 444 2219 Β1.
457 2192 482 2220 2.
501 2192 592 2220 Saxo.
655 2191 684 2225 e)
702 2193 742 2218 sio
761 2193 799 2224 G',·
818 2192 969 2218 ecbertum
988 2192 1023 2219 A.
1042 2192 1109 2225 1323
1131 2192 1285 2217 ekbertum
1304 2192 1366 2219 Bi.-
1385 2192 1477 2217 Saxo.
1536 2190 1560 2223 f)
1579 2191 1682 2216 haberi
1700 2191 1762 2218 Β1.
1780 2191 1868 2218 Saxo.
1893 2191 1928 2218 ³0
2030 2192 2034 2217 Ι

383 2228 414 2258 g)
438 2228 521 2259 parci
539 2228 627 2255 Saxo.
717 2228 748 2259 h)
772 2228 944 2260 persoluere
963 2227 1029 2261 (per
1045 2230 1115 2259 post
1135 2228 1288 2259 super-scr.)
1306 2227 1383 2252 uelle
1401 2227 1469 2259 Β1;
1495 2226 1666 2258 persolvere
1684 2239 1717 2245 —
1736 2226 1868 2258 regionis

383 2262 460 2288 velle
477 2263 512 2293 (l.
525 2263 556 2295 6)
576 2270 630 2291 om.
650 2263 741 2288 Saxo.
820 2264 841 2294 i)
860 2270 919 2288 non
937 2263 999 2290 ΒΞ,
1018 2263 1107 2291 Samo.
1178 2262 1209 2293 k)
1228 2262 1357 2294 syllabae
1375 2269 1447 2287 ones
1465 2268 1605 2293 superscr.
1627 2261 1659 2288 C.
1727 2261 1749 2292 1)
1767 2263 1867 2286 taxum

383 2298 472 2325 Saxo.
554 2300 593 2330 m)
617 2299 658 2323 sic
677 2299 718 2329 A,·
743 2299 817 2323 deest
835 2299 897 2323 Β1.
918 2298 943 2325 2.
964 2298 994 2325 C.
1018 2298 1107 2323 Saxo.
1191 2299 1222 2328 n)
1247 2297 1355 2322 fluuius
1375 2297 1488 2328 partim
1507 2295 1562 2329 (ui)
1587 2296 1617 2320 in
1642 2296 1704 2321 loco
1728 2303 1807 2328 raso,
1836 2298 1867 2320 ut

383 2333 503 2365 violetur,
524 2334 559 2360 A.
632 2334 660 2364 ο)
679 2333 773 2358 flauus
786 2334 829 2364 A;
848 2333 962 2358 solauos
981 2333 1007 2357 B
1018 2333 1042 2360 1.
1061 2333 1093 2364 23
1113 2333 1213 2358 slauus
1231 2339 1307 2359 corr.
1326 2332 1422 2357 slauos
1442 2332 1479 2362 Ο,-
1497 2330 1574 2356 siaul
1589 2351 1594 2357 .
1612 2351 1617 2357 .
1636 2351 1642 2357 .
1658 2351 1665 2359 .
1678 2330 1867 2362 prohibentes

383 2367 473 2394 Saxo.
526 2367 558 2400 p)
577 2368 617 2392 sic
635 2368 696 2394 132.
711 2369 749 2399 Ο,-
768 2371 798 2393 et
817 2368 851 2395 A.
865 2368 925 2394 Β1.
945 2368 1032 2395 Samo.
1088 2367 1119 2399 q)
1137 2367 1271 2392 stoinnef
1286 2368 1383 2397 Saxo,·
1402 2364 1586 2397 stoinefgero
1606 2373 1664 2390 una
1683 2373 1746 2391 voce
1755 2366 1794 2398 (l)
1806 2366 1867 2393 32.
1892 2366 1926 2391 35

382 2404 408 2433 r)
433 2402 584 2428 amicicias
610 2403 669 2430 Bl.
752 2404 778 2433 s)
803 2404 913 2434 quippe
940 2410 995 2430 om,
1013 2403 1075 2429 Bl.
1155 2401 1178 2434 t)
1202 2403 1279 2427 bone
1304 2405 1383 2426 artes
1404 2402 1438 2428 A.
1519 2400 1550 2433 u)
1575 2402 1700 2427 multum
1725 2401 1866 2427 scientiae

384 2445 437 2465 om.
458 2438 487 2464 0.
559 2439 590 2469 v)
609 2438 701 2469 magis
721 2438 787 2465 add.
807 2438 874 2470 1323
894 2438 986 2469 magis
1006 2444 1096 2469 opere
1116 2437 1204 2464 Samo.
1276 2439 1316 2468 w)
1335 2437 1504 2462 ostenderat
1524 2436 1554 2464 C.

383 2544 418 2587 1)
455 2542 512 2585 Cf.
543 2543 669 2587 Ko'plce
696 2555 736 2587 p.
763 2544 832 2578 143
847 2553 897 2586 sq.
1004 2542 1040 2587 2)
1075 2542 1129 2584 Cf.
1162 2553 1276 2585 supra
1303 2553 1343 2585 p.
1371 2543 1427 2584 14,
1452 2553 1487 2577 n.
1513 2544 1546 2578 3.
1651 2542 1688 2585 3)
1715 2541 1866 2575 Mim’me

381 2600 459 2623 oum
486 2591 582 2626 Anu.
607 2590 750 2624 Saoeone
777 2590 882 2623 Taxa
915 2590 984 2632 leyi
1014 2590 1228 2633 fluviumque
1252 2590 1362 2623 Dosse
1394 2588 1550 2632 intellegi
1574 2599 1679 2632 posse
1703 2609 1748 2614 —
1773 2589 1866 2632 quod

388 2637 582 2671 Wedelcind
598 2638 629 2680 I,
646 2648 685 2680 p.
703 2638 761 2672 26.
778 2638 887 2671 voluit
903 2656 950 2662 -
966 2637 1124 2670 omnium
1139 2637 1296 2670 codicum
1312 2646 1499 2670 consensus
1518 2636 1676 2671 ostendit.
1717 2635 1865 2669 Videtur
1888 2645 1924 2671 40

381 2685 496 2727 iyitur
528 2694 598 2718 esse
629 2685 799 2718 Recknitz
831 2684 1011 2717 territorii
1041 2683 1271 2726 Melclenbury
1300 2684 1444 2726 fluvius,
1474 2683 1626 2727 populos
1658 2682 1864 2725 quibuscum

381 2731 505 2765 bellum
527 2731 716 2774 yerebatur
734 2732 984 2774 pertransiens
994 2741 1010 2771 ;
1038 2734 1101 2763 aut
1124 2730 1219 2764 Reke
1243 2730 1359 2764 alveus
1391 2730 1555 2772 superior
1578 2729 1684 2771 fluvii
1706 2727 1806 2771 Eue,
1839 2739 1863 2761 a

382 2778 460 2811 lacu
476 2778 586 2811 Plaue
609 2779 776 2812 orientem
800 2788 922 2812 versus
938 2778 1136 2821 (Wiyyer),·
1161 2780 1225 2810 aut
1241 2777 1342 2819 Ryck
1362 2777 1530 2818 fluviolus
1547 2785 1662 2818 prope
1679 2775 1862 2809 Grimmen

381 2825 583 2868 (Westberq
616 2825 637 2860 l.
663 2826 686 2860 l.
715 2836 755 2869 p.
783 2826 881 2868 113).
939 2824 1071 2858 Locum
1104 2834 1172 2867 quo
1199 2824 1376 2867 proelium
1409 2824 1628 2856 commissum
1660 2831 1759 2856 nemo
1790 2823 1864 2856 nisi

380 2876 499 2905 noster
522 2872 646 2907 tradit.
732 2873 770 2916 4)
799 2871 934 2905 Eadem
958 2872 1080 2913 forma
1103 2871 1268 2914 loquendi
1289 2871 1404 2903 utitur
1427 2879 1540 2912 supra
1559 2879 1601 2912 p.
1621 2870 1680 2911 31,
1706 2869 1729 2904 Ζ.
1749 2870 1793 2904 21
1810 2879 1861 2912 δᾳ.
1886 2878 1923 2905 46

381 2919 417 2961 5)
453 2918 597 2954 Sallust.
622 2919 702 2961 Iuy.
735 2930 762 2954 o.
788 2919 855 2954 28:
889 2917 985 2952 Nam
1009 2917 1047 2951 in
1072 2917 1219 2952 consule
1242 2917 1366 2950 nostro
1391 2915 1528 2949 multae
1551 2914 1740 2959 bonaeque
1768 2916 1863 2950 artes

382 2963 492 2997 animi
518 2966 554 2998 et
579 2964 740 3008 corporis
764 2967 868 2999 erant
893 2992 901 3000 .
928 2992 936 3000 .
963 2991 971 3000 .
998 2964 1084 2998 satis
1108 2962 1313 3008 providem,
1337 2961 1426 2996 belli
1450 2961 1547 2996 haud
1571 2961 1728 3008 ignaruS.
