<?xml version="1.0" encoding="UTF-8"?>
<!DOCTYPE html PUBLIC "-//W3C//DTD XHTML 1.0 Transitional//EN"
    "http://www.w3.org/TR/xhtml1/DTD/xhtml1-transitional.dtd">
<html xmlns="http://www.w3.org/1999/xhtml" xml:lang="en" lang="en">
 <head>
  <title>
</title>
<meta http-equiv="Content-Type" content="text/html;charset=utf-8" />
  <meta name='ocr-system' content='tesseract 3.04.00' />
  <meta name='ocr-capabilities' content='ocr_page ocr_carea ocr_par ocr_line ocrx_word'/>
</head>
<body>
  <div class='ocr_page' id='page_1' title='image "./rerumgestarumsax00widuuoft_0102.png"; bbox 0 0 2034 3380; ppageno 0'>
   <div class='ocr_carea' id='block_1_1' title="bbox 359 318 1250 359">
    <p class='ocr_par' dir='ltr' id='par_1_1' title="bbox 359 318 1250 359">
     <span class='ocr_line' id='line_1_1' title="bbox 359 318 1250 359; baseline -0.006 0"><span class='ocrx_word' id='word_1_1' title='bbox 359 324 406 359; x_wconf 85' lang='lat'>64</span> <span class='ocrx_word' id='word_1_2' title='bbox 957 318 1250 356; x_wconf 87' lang='lat' dir='ltr'>WIDUKINDI</span> 
     </span>
    </p>
   </div>
   <div class='ocr_carea' id='block_1_2' title="bbox 265 436 1843 495">
    <p class='ocr_par' dir='ltr' id='par_1_2' title="bbox 265 436 1843 495">
     <span class='ocr_line' id='line_1_2' title="bbox 265 436 1843 495; baseline 0.001 -12"><span class='ocrx_word' id='word_1_3' title='bbox 265 449 344 483; x_wconf 85' lang='lat'><strong>938.</strong></span> <span class='ocrx_word' id='word_1_4' title='bbox 359 440 519 482; x_wconf 84' lang='lat' dir='ltr'>Tantis</span> <span class='ocrx_word' id='word_1_5' title='bbox 549 440 693 495; x_wconf 86' lang='lat' dir='ltr'>igitur</span> <span class='ocrx_word' id='word_1_6' title='bbox 725 440 881 495; x_wconf 87' lang='lat' dir='ltr'>spoliis</span> <span class='ocrx_word' id='word_1_7' title='bbox 912 440 1214 483; x_wconf 62' lang='lat' dir='ltr'>Thanomaria</span> <span class='ocrx_word' id='word_1_8' title='bbox 1251 436 1448 483; x_wconf 79' lang='lat' dir='ltr'>militesb</span> <span class='ocrx_word' id='word_1_9' title='bbox 1486 441 1623 483; x_wconf 87' lang='lat' dir='ltr'>ditati</span> <span class='ocrx_word' id='word_1_10' title='bbox 1660 443 1752 484; x_wconf 89' lang='lat' dir='ltr'>iam</span> <span class='ocrx_word' id='word_1_11' title='bbox 1783 445 1843 485; x_wconf 83' lang='lat' dir='ltr'>ad</span> 
     </span>
    </p>
   </div>
   <div class='ocr_carea' id='block_1_3' title="bbox 353 499 1844 1730">
    <p class='ocr_par' dir='ltr' id='par_1_3' title="bbox 353 499 1844 1730">
     <span class='ocr_line' id='line_1_3' title="bbox 359 499 1843 555; baseline 0.002 -15"><span class='ocrx_word' id='word_1_12' title='bbox 359 499 512 541; x_wconf 85' lang='lat' dir='ltr'>omnia</span> <span class='ocrx_word' id='word_1_13' title='bbox 543 499 838 553; x_wconf 86' lang='lat' dir='ltr'>parabantur.</span> <span class='ocrx_word' id='word_1_14' title='bbox 894 499 1005 541; x_wconf 93' lang='lat' dir='ltr'>Post</span> <span class='ocrx_word' id='word_1_15' title='bbox 1035 501 1148 542; x_wconf 82' lang='lat' dir='ltr'>haec</span> <span class='ocrx_word' id='word_1_16' title='bbox 1181 500 1304 555; x_wconf 89' lang='lat' dir='ltr'>cepit</span> <span class='ocrx_word' id='word_1_17' title='bbox 1333 500 1494 542; x_wconf 88' lang='lat' dir='ltr'>urbem</span> <span class='ocrx_word' id='word_1_18' title='bbox 1526 514 1641 554; x_wconf 85' lang='lat' dir='ltr'>quae</span> <span class='ocrx_word' id='word_1_19' title='bbox 1673 501 1843 544; x_wconf 86' lang='lat' dir='ltr'>dicitur</span> 
     </span>
     <span class='ocr_line' id='line_1_4' title="bbox 360 557 1844 612; baseline 0.002 -13"><span class='ocrx_word' id='word_1_20' title='bbox 360 558 698 612; x_wconf 75' lang='lat' dir='ltr'>Heresburg0·1</span> <span class='ocrx_word' id='word_1_21' title='bbox 738 561 785 600; x_wconf 84' lang='lat' dir='ltr'>et</span> <span class='ocrx_word' id='word_1_22' title='bbox 831 558 1025 600; x_wconf 83' lang='lat' dir='ltr'>collecta</span> <span class='ocrx_word' id='word_1_23' title='bbox 1070 558 1224 600; x_wconf 86' lang='lat' dir='ltr'>valida</span> <span class='ocrx_word' id='word_1_24' title='bbox 1263 559 1563 601; x_wconf 88' lang='lat' dir='ltr'>multitudine</span> <span class='ocrx_word' id='word_1_25' title='bbox 1603 557 1751 602; x_wconf 79' lang='lat' dir='ltr'>sedit‘l</span> <span class='ocrx_word' id='word_1_26' title='bbox 1794 561 1844 602; x_wconf 93' lang='lat' dir='ltr'>in</span> 
     </span>
     <span class='ocr_line' id='line_1_5' title="bbox 358 617 1844 668; baseline 0.001 -10"><span class='ocrx_word' id='word_1_27' title='bbox 358 631 423 668; x_wconf 88' lang='lat' dir='ltr'>ea,</span> <span class='ocrx_word' id='word_1_28' title='bbox 458 617 605 658; x_wconf 88' lang='lat' dir='ltr'>multa</span> <span class='ocrx_word' id='word_1_29' title='bbox 635 617 742 659; x_wconf 90' lang='lat' dir='ltr'>inde</span> <span class='ocrx_word' id='word_1_30' title='bbox 774 631 986 659; x_wconf 85' lang='lat' dir='ltr'>exercens</span> <span class='ocrx_word' id='word_1_31' title='bbox 1017 617 1272 659; x_wconf 86' lang='lat' dir='ltr'>latrocinia.</span> <span class='ocrx_word' id='word_1_32' title='bbox 1335 617 1656 660; x_wconf 70' lang='lat' dir='ltr'>Evurhardus⁶</span> <span class='ocrx_word' id='word_1_33' title='bbox 1689 620 1844 661; x_wconf 88' lang='lat' dir='ltr'>autem</span> 
     </span>
     <span class='ocr_line' id='line_1_6' title="bbox 358 676 1844 731; baseline 0.002 -15"><span class='ocrx_word' id='word_1_34' title='bbox 358 689 511 718; x_wconf 90' lang='lat' dir='ltr'>secum</span> <span class='ocrx_word' id='word_1_35' title='bbox 550 676 704 718; x_wconf 87' lang='lat' dir='ltr'>tenuit</span> <span class='ocrx_word' id='word_1_36' title='bbox 739 676 1024 718; x_wconf 88' lang='lat' dir='ltr'>Heinrieum.</span> <span class='ocrx_word' id='word_1_37' title='bbox 1096 676 1162 718; x_wconf 85' lang='lat' dir='ltr'>Eo</span> <span class='ocrx_word' id='word_1_38' title='bbox 1204 690 1382 731; x_wconf 89' lang='lat' dir='ltr'>quoque</span> <span class='ocrx_word' id='word_1_39' title='bbox 1422 679 1628 731; x_wconf 86' lang='lat' dir='ltr'>tempore</span> <span class='ocrx_word' id='word_1_40' title='bbox 1669 678 1844 719; x_wconf 88' lang='lat' dir='ltr'>occisus</span> 
     </span>
     <span class='ocr_line' id='line_1_7' title="bbox 358 730 1843 790; baseline 0.001 -15"><span class='ocrx_word' id='word_1_41' title='bbox 358 737 427 776; x_wconf 89' lang='lat' dir='ltr'>est</span> <span class='ocrx_word' id='word_1_42' title='bbox 458 730 653 776; x_wconf 55' lang='grc' dir='ltr'>1)(3ε11ἲ·2</span> <span class='ocrx_word' id='word_1_43' title='bbox 684 737 791 776; x_wconf 86' lang='lat' dir='ltr'>ante</span> <span class='ocrx_word' id='word_1_44' title='bbox 823 737 977 790; x_wconf 83' lang='lat' dir='ltr'>portas</span> <span class='ocrx_word' id='word_1_45' title='bbox 1008 735 1135 777; x_wconf 87' lang='lat' dir='ltr'>urbis</span> <span class='ocrx_word' id='word_1_46' title='bbox 1167 749 1283 789; x_wconf 88' lang='lat' dir='ltr'>quae</span> <span class='ocrx_word' id='word_1_47' title='bbox 1319 736 1489 777; x_wconf 84' lang='lat' dir='ltr'>dicitur</span> <span class='ocrx_word' id='word_1_48' title='bbox 1519 736 1762 786; x_wconf 59' lang='lat' dir='ltr'>Lamus-3,</span> <span class='ocrx_word' id='word_1_49' title='bbox 1794 736 1843 777; x_wconf 91' lang='grc'>111</span> 
     </span>
     <span class='ocr_line' id='line_1_8' title="bbox 357 789 1841 848; baseline 0.001 -14"><span class='ocrx_word' id='word_1_50' title='bbox 357 807 447 848; x_wconf 86' lang='lat' dir='ltr'>qua</span> <span class='ocrx_word' id='word_1_51' title='bbox 494 796 624 836; x_wconf 87' lang='lat' dir='ltr'>erant</span> <span class='ocrx_word' id='word_1_52' title='bbox 670 794 840 836; x_wconf 87' lang='lat' dir='ltr'>milites</span> <span class='ocrx_word' id='word_1_53' title='bbox 887 789 1191 836; x_wconf 78' lang='lat' dir='ltr'>Evurhardih.</span> <span class='ocrx_word' id='word_1_54' title='bbox 1266 790 1622 836; x_wconf 73' lang='lat' dir='ltr'>Wiohmannusi</span> <span class='ocrx_word' id='word_1_55' title='bbox 1673 797 1841 846; x_wconf 84' lang='lat' dir='ltr'>autem,</span> 
     </span>
     <span class='ocr_line' id='line_1_9' title="bbox 357 852 1842 907; baseline 0.002 -14"><span class='ocrx_word' id='word_1_56' title='bbox 357 853 435 907; x_wconf 91' lang='lat' dir='ltr'>qui</span> <span class='ocrx_word' id='word_1_57' title='bbox 466 866 513 894; x_wconf 88' lang='lat' dir='ltr'>se</span> <span class='ocrx_word' id='word_1_58' title='bbox 550 853 747 907; x_wconf 87' lang='lat' dir='ltr'>primum</span> <span class='ocrx_word' id='word_1_59' title='bbox 786 852 1004 894; x_wconf 85' lang='lat' dir='ltr'>alienavit</span> <span class='ocrx_word' id='word_1_60' title='bbox 1037 852 1089 893; x_wconf 89' lang='grc'>*3</span> <span class='ocrx_word' id='word_1_61' title='bbox 1119 866 1238 906; x_wconf 83' lang='lat' dir='ltr'>rege,</span> <span class='ocrx_word' id='word_1_62' title='bbox 1281 853 1471 894; x_wconf 82' lang='lat' dir='ltr'>audiens</span> <span class='ocrx_word' id='word_1_63' title='bbox 1510 856 1695 895; x_wconf 85' lang='lat' dir='ltr'>tantum</span> <span class='ocrx_word' id='word_1_64' title='bbox 1734 854 1842 896; x_wconf 81' lang='lat' dir='ltr'>faci-</span> 
     </span>
     <span class='ocr_line' id='line_1_10' title="bbox 355 907 1843 967; baseline 0.002 -15"><span class='ocrx_word' id='word_1_65' title='bbox 355 925 441 953; x_wconf 88' lang='lat' dir='ltr'>nus</span> <span class='ocrx_word' id='word_1_66' title='bbox 464 911 797 960; x_wconf 81' lang='lat' dir='ltr'>seditiosorum,</span> <span class='ocrx_word' id='word_1_67' title='bbox 822 907 1094 953; x_wconf 81' lang='lat' dir='ltr'>conversusk</span> <span class='ocrx_word' id='word_1_68' title='bbox 1115 924 1273 966; x_wconf 87' lang='lat' dir='ltr'>pacem</span> <span class='ocrx_word' id='word_1_69' title='bbox 1294 911 1409 952; x_wconf 82' lang='lat' dir='ltr'>fecit</span> <span class='ocrx_word' id='word_1_70' title='bbox 1431 925 1534 953; x_wconf 89' lang='lat' dir='ltr'>cum</span> <span class='ocrx_word' id='word_1_71' title='bbox 1554 926 1661 967; x_wconf 88' lang='lat' dir='ltr'>rege</span> <span class='ocrx_word' id='word_1_72' title='bbox 1673 912 1702 964; x_wconf 85' lang='lat'>4,</span> <span class='ocrx_word' id='word_1_73' title='bbox 1735 913 1843 967; x_wconf 86' lang='lat' dir='ltr'>quia</span> 
     </span>
     <span class='ocr_line' id='line_1_11' title="bbox 356 967 1841 1025; baseline 0.001 -14"><span class='ocrx_word' id='word_1_74' title='bbox 356 970 738 1025; x_wconf 81' lang='lat' dir='ltr'>prudentissimus</span> <span class='ocrx_word' id='word_1_75' title='bbox 770 972 880 1020; x_wconf 88' lang='lat' dir='ltr'>erat,</span> <span class='ocrx_word' id='word_1_76' title='bbox 915 971 962 1011; x_wconf 88' lang='lat' dir='ltr'>et</span> <span class='ocrx_word' id='word_1_77' title='bbox 992 969 1119 1011; x_wconf 85' lang='lat' dir='ltr'>utilis</span> <span class='ocrx_word' id='word_1_78' title='bbox 1161 983 1212 1011; x_wconf 83' lang='lat' dir='ltr'>ae</span> <span class='ocrx_word' id='word_1_79' title='bbox 1246 969 1394 1011; x_wconf 88' lang='lat' dir='ltr'>fidelis</span> <span class='ocrx_word' id='word_1_80' title='bbox 1425 967 1591 1024; x_wconf 89' lang='lat' dir='ltr'>usque¹</span> <span class='ocrx_word' id='word_1_81' title='bbox 1625 971 1675 1012; x_wconf 91' lang='lat' dir='ltr'>in</span> <span class='ocrx_word' id='word_1_82' title='bbox 1705 972 1841 1014; x_wconf 87' lang='lat' dir='ltr'><strong>finem</strong></span> 
     </span>
     <span class='ocr_line' id='line_1_12' title="bbox 357 1028 1841 1085; baseline 0.001 -15"><span class='ocrx_word' id='word_1_83' title='bbox 357 1029 608 1082; x_wconf 85' lang='lat' dir='ltr'>permansit</span> <span class='ocrx_word' id='word_1_84' title='bbox 621 1028 650 1068; x_wconf 80' lang='lat'>5.</span> <span class='ocrx_word' id='word_1_85' title='bbox 721 1028 1032 1070; x_wconf 83' lang='lat' dir='ltr'>Thancmarus</span> <span class='ocrx_word' id='word_1_86' title='bbox 1079 1030 1247 1077; x_wconf 80' lang='lat' dir='ltr'>autem,</span> <span class='ocrx_word' id='word_1_87' title='bbox 1295 1028 1418 1070; x_wconf 89' lang='lat' dir='ltr'>filius</span> <span class='ocrx_word' id='word_1_88' title='bbox 1458 1028 1667 1071; x_wconf 87' lang='lat' dir='ltr'>Heinrici</span> <span class='ocrx_word' id='word_1_89' title='bbox 1708 1030 1841 1085; x_wconf 83' lang='lat' dir='ltr'>regis,</span> 
     </span>
     <span class='ocr_line' id='line_1_13' title="bbox 357 1086 1843 1142; baseline 0.001 -14"><span class='ocrx_word' id='word_1_90' title='bbox 357 1089 492 1128; x_wconf 81' lang='lat' dir='ltr'>natus</span> <span class='ocrx_word' id='word_1_91' title='bbox 525 1089 623 1129; x_wconf 85' lang='lat' dir='ltr'>erat</span> <span class='ocrx_word' id='word_1_92' title='bbox 655 1101 709 1129; x_wconf 83' lang='lat' dir='ltr'>ex</span> <span class='ocrx_word' id='word_1_93' title='bbox 751 1089 895 1129; x_wconf 83' lang='lat' dir='ltr'>matre</span> <span class='ocrx_word' id='word_1_94' title='bbox 935 1086 1081 1129; x_wconf 90' lang='lat' dir='ltr'>nobili</span> <span class='ocrx_word' id='word_1_95' title='bbox 1095 1087 1122 1136; x_wconf 79' lang='lat'>⁶,</span> <span class='ocrx_word' id='word_1_96' title='bbox 1165 1100 1304 1128; x_wconf 85' lang='lat' dir='ltr'>manu</span> <span class='ocrx_word' id='word_1_97' title='bbox 1344 1089 1595 1142; x_wconf 85' lang='lat' dir='ltr'>promptus,</span> <span class='ocrx_word' id='word_1_98' title='bbox 1637 1101 1742 1130; x_wconf 87' lang='lat' dir='ltr'>acer</span> <span class='ocrx_word' id='word_1_99' title='bbox 1779 1088 1843 1130; x_wconf 89' lang='lat' dir='ltr'>in-</span> 
     </span>
     <span class='ocr_line' id='line_1_14' title="bbox 355 1145 1843 1201; baseline 0.001 -14"><span class='ocrx_word' id='word_1_100' title='bbox 355 1146 503 1200; x_wconf 85' lang='lat' dir='ltr'>genio,</span> <span class='ocrx_word' id='word_1_101' title='bbox 546 1146 750 1188; x_wconf 84' lang='lat' dir='ltr'>bellandi</span> <span class='ocrx_word' id='word_1_102' title='bbox 792 1147 966 1201; x_wconf 87' lang='lat' dir='ltr'>peritus</span> <span class='ocrx_word' id='word_1_103' title='bbox 981 1145 1007 1196; x_wconf 82' lang='lat'>⁷,</span> <span class='ocrx_word' id='word_1_104' title='bbox 1050 1147 1128 1187; x_wconf 87' lang='lat' dir='ltr'>sed</span> <span class='ocrx_word' id='word_1_105' title='bbox 1159 1146 1282 1187; x_wconf 89' lang='lat' dir='ltr'>inter</span> <span class='ocrx_word' id='word_1_106' title='bbox 1313 1159 1438 1187; x_wconf 83' lang='lat' dir='ltr'>arma</span> <span class='ocrx_word' id='word_1_107' title='bbox 1469 1146 1661 1188; x_wconf 87' lang='lat' dir='ltr'>honesta</span> <span class='ocrx_word' id='word_1_108' title='bbox 1691 1147 1843 1189; x_wconf 89' lang='lat' dir='ltr'>minus</span> 
     </span>
     <span class='ocr_line' id='line_1_15' title="bbox 356 1205 1842 1260; baseline 0.001 -14"><span class='ocrx_word' id='word_1_109' title='bbox 356 1205 580 1260; x_wconf 88' lang='lat' dir='ltr'>pudicitia</span> <span class='ocrx_word' id='word_1_110' title='bbox 610 1219 732 1246; x_wconf 84' lang='lat' dir='ltr'>usus.</span> <span class='ocrx_word' id='word_1_111' title='bbox 782 1205 893 1246; x_wconf 85' lang='lat' dir='ltr'>Erat</span> <span class='ocrx_word' id='word_1_112' title='bbox 915 1207 1069 1246; x_wconf 83' lang='lat' dir='ltr'>autem</span> <span class='ocrx_word' id='word_1_113' title='bbox 1102 1206 1249 1246; x_wconf 85' lang='lat' dir='ltr'>mater</span> <span class='ocrx_word' id='word_1_114' title='bbox 1280 1205 1377 1246; x_wconf 88' lang='lat' dir='ltr'>eius</span> <span class='ocrx_word' id='word_1_115' title='bbox 1408 1205 1604 1247; x_wconf 86' lang='lat' dir='ltr'>multam</span> <span class='ocrx_word' id='word_1_116' title='bbox 1635 1206 1842 1248; x_wconf 83' lang='lat' dir='ltr'>habensm</span> 
     </span>
     <span class='ocr_line' id='line_1_16' title="bbox 356 1263 1840 1319; baseline 0.001 -14"><span class='ocrx_word' id='word_1_117' title='bbox 356 1264 706 1319; x_wconf 87' lang='lat' dir='ltr'>possessionem;</span> <span class='ocrx_word' id='word_1_118' title='bbox 749 1264 828 1318; x_wconf 90' lang='lat' dir='ltr'>qui</span> <span class='ocrx_word' id='word_1_119' title='bbox 859 1264 969 1306; x_wconf 90' lang='lat' dir='ltr'>licet</span> <span class='ocrx_word' id='word_1_120' title='bbox 1001 1278 1028 1304; x_wconf 86' lang='lat' dir='ltr'>a</span> <span class='ocrx_word' id='word_1_121' title='bbox 1059 1265 1188 1318; x_wconf 81' lang='lat' dir='ltr'>patre</span> <span class='ocrx_word' id='word_1_122' title='bbox 1221 1263 1340 1305; x_wconf 72' lang='lat' dir='ltr'>alian</span> <span class='ocrx_word' id='word_1_123' title='bbox 1378 1264 1511 1318; x_wconf 84' lang='lat' dir='ltr'>plura</span> <span class='ocrx_word' id='word_1_124' title='bbox 1551 1264 1611 1306; x_wconf 87' lang='lat' dir='ltr'>sit</span> <span class='ocrx_word' id='word_1_125' title='bbox 1652 1265 1840 1315; x_wconf 83' lang='lat' dir='ltr'>ditatus,</span> 
     </span>
     <span class='ocr_line' id='line_1_17' title="bbox 355 1323 1841 1378; baseline 0.001 -15"><span class='ocrx_word' id='word_1_126' title='bbox 355 1325 563 1364; x_wconf 85' lang='lat' dir='ltr'>materna</span> <span class='ocrx_word' id='word_1_127' title='bbox 607 1325 764 1365; x_wconf 87' lang='lat' dir='ltr'>tamen</span> <span class='ocrx_word' id='word_1_128' title='bbox 810 1326 883 1364; x_wconf 87' lang='lat' dir='ltr'>se⁰</span> <span class='ocrx_word' id='word_1_129' title='bbox 936 1323 1194 1365; x_wconf 84' lang='lat' dir='ltr'>hereditate</span> <span class='ocrx_word' id='word_1_130' title='bbox 1245 1323 1475 1377; x_wconf 84' lang='lat' dir='ltr'>privatum</span> <span class='ocrx_word' id='word_1_131' title='bbox 1527 1336 1662 1378; x_wconf 83' lang='lat' dir='ltr'>aegre</span> <span class='ocrx_word' id='word_1_132' title='bbox 1707 1323 1841 1365; x_wconf 86' lang='lat' dir='ltr'>valde</span> 
     </span>
     <span class='ocr_line' id='line_1_18' title="bbox 355 1382 1842 1437; baseline 0.001 -14"><span class='ocrx_word' id='word_1_133' title='bbox 355 1382 466 1423; x_wconf 88' lang='lat' dir='ltr'>tulit</span> <span class='ocrx_word' id='word_1_134' title='bbox 479 1382 506 1432; x_wconf 77' lang='lat'>8,</span> <span class='ocrx_word' id='word_1_135' title='bbox 549 1383 596 1423; x_wconf 89' lang='lat' dir='ltr'>et</span> <span class='ocrx_word' id='word_1_136' title='bbox 636 1382 693 1423; x_wconf 92' lang='lat' dir='ltr'>ob</span> <span class='ocrx_word' id='word_1_137' title='bbox 735 1383 854 1423; x_wconf 87' lang='lat' dir='ltr'>hanc</span> <span class='ocrx_word' id='word_1_138' title='bbox 895 1395 1078 1423; x_wconf 86' lang='lat' dir='ltr'>causam</span> <span class='ocrx_word' id='word_1_139' title='bbox 1120 1395 1246 1422; x_wconf 81' lang='lat' dir='ltr'>arma</span> <span class='ocrx_word' id='word_1_140' title='bbox 1286 1382 1452 1423; x_wconf 68' lang='lat' dir='ltr'>sumitp</span> <span class='ocrx_word' id='word_1_141' title='bbox 1494 1382 1553 1423; x_wconf 88' lang='lat' dir='ltr'>ad</span> <span class='ocrx_word' id='word_1_142' title='bbox 1593 1382 1842 1437; x_wconf 86' lang='lat' dir='ltr'>perniciem</span> 
     </span>
     <span class='ocr_line' id='line_1_19' title="bbox 356 1440 1839 1495; baseline 0 -13"><span class='ocrx_word' id='word_1_143' title='bbox 356 1441 425 1482; x_wconf 88' lang='lat' dir='ltr'>sui</span> <span class='ocrx_word' id='word_1_144' title='bbox 447 1454 720 1495; x_wconf 87' lang='lat' dir='ltr'>suorumque</span> <span class='ocrx_word' id='word_1_145' title='bbox 744 1442 905 1482; x_wconf 85' lang='lat' dir='ltr'>contra</span> <span class='ocrx_word' id='word_1_146' title='bbox 927 1440 1162 1482; x_wconf 85' lang='lat' dir='ltr'>dominum</span> <span class='ocrx_word' id='word_1_147' title='bbox 1185 1454 1317 1481; x_wconf 87' lang='lat' dir='ltr'>suum</span> <span class='ocrx_word' id='word_1_148' title='bbox 1338 1454 1505 1495; x_wconf 87' lang='lat' dir='ltr'>regem.</span> <span class='ocrx_word' id='word_1_149' title='bbox 1552 1441 1650 1483; x_wconf 85' lang='lat' dir='ltr'>Rex</span> <span class='ocrx_word' id='word_1_150' title='bbox 1671 1443 1839 1492; x_wconf 84' lang='lat' dir='ltr'>autem,</span> 
     </span>
     <span class='ocr_line' id='line_1_20' title="bbox 354 1499 1842 1554; baseline 0.001 -14"><span class='ocrx_word' id='word_1_151' title='bbox 354 1500 464 1542; x_wconf 87' lang='lat' dir='ltr'>licet</span> <span class='ocrx_word' id='word_1_152' title='bbox 494 1500 679 1550; x_wconf 86' lang='lat' dir='ltr'>invitus,</span> <span class='ocrx_word' id='word_1_153' title='bbox 712 1500 872 1541; x_wconf 83' lang='lat' dir='ltr'>videns</span> <span class='ocrx_word' id='word_1_154' title='bbox 902 1513 998 1541; x_wconf 87' lang='lat' dir='ltr'>rem</span> <span class='ocrx_word' id='word_1_155' title='bbox 1031 1500 1089 1540; x_wconf 86' lang='lat' dir='ltr'>ad</span> <span class='ocrx_word' id='word_1_156' title='bbox 1120 1501 1216 1540; x_wconf 86' lang='lat' dir='ltr'>tam</span> <span class='ocrx_word' id='word_1_157' title='bbox 1254 1499 1417 1553; x_wconf 88' lang='lat' dir='ltr'>ingens</span> <span class='ocrx_word' id='word_1_158' title='bbox 1449 1499 1702 1554; x_wconf 86' lang='lat' dir='ltr'>periculum</span> <span class='ocrx_word' id='word_1_159' title='bbox 1743 1513 1842 1554; x_wconf 87' lang='lat' dir='ltr'>pro—</span> 
     </span>
     <span class='ocr_line' id='line_1_21' title="bbox 355 1558 1839 1609; baseline 0 -10"><span class='ocrx_word' id='word_1_160' title='bbox 355 1559 528 1609; x_wconf 81' lang='lat' dir='ltr'>cedere,</span> <span class='ocrx_word' id='word_1_161' title='bbox 591 1559 650 1599; x_wconf 86' lang='lat' dir='ltr'>ad</span> <span class='ocrx_word' id='word_1_162' title='bbox 701 1558 1004 1599; x_wconf 81' lang='lat' dir='ltr'>edomandam</span> <span class='ocrx_word' id='word_1_163' title='bbox 1053 1558 1328 1599; x_wconf 86' lang='lat' dir='ltr'>Thancmari</span> <span class='ocrx_word' id='word_1_164' title='bbox 1382 1558 1676 1600; x_wconf 73' lang='lat' dir='ltr'>insolentiam</span> <span class='ocrx_word' id='word_1_165' title='bbox 1738 1572 1839 1600; x_wconf 91' lang='lat' dir='ltr'>cum</span> 
     </span>
     <span class='ocr_line' id='line_1_22' title="bbox 355 1616 1841 1671; baseline 0.001 -14"><span class='ocrx_word' id='word_1_166' title='bbox 355 1617 502 1659; x_wconf 89' lang='lat' dir='ltr'>multo</span> <span class='ocrx_word' id='word_1_167' title='bbox 537 1616 787 1658; x_wconf 78' lang='lat' dir='ltr'>comitatu9</span> <span class='ocrx_word' id='word_1_168' title='bbox 818 1617 1019 1671; x_wconf 83' lang='lat' dir='ltr'>perrexit</span> <span class='ocrx_word' id='word_1_169' title='bbox 1056 1617 1143 1657; x_wconf 76' lang='lat' dir='ltr'>ad‘l</span> <span class='ocrx_word' id='word_1_170' title='bbox 1179 1616 1459 1671; x_wconf 85' lang='lat' dir='ltr'>Heresburg.</span> <span class='ocrx_word' id='word_1_171' title='bbox 1523 1616 1654 1659; x_wconf 83' lang='lat' dir='ltr'>Cives</span> <span class='ocrx_word' id='word_1_172' title='bbox 1686 1619 1841 1659; x_wconf 84' lang='lat' dir='ltr'>autem</span> 
     </span>
     <span class='ocr_line' id='line_1_23' title="bbox 353 1675 1841 1730; baseline 0.001 -14"><span class='ocrx_word' id='word_1_173' title='bbox 353 1675 480 1717; x_wconf 87' lang='lat' dir='ltr'>urbis</span> <span class='ocrx_word' id='word_1_174' title='bbox 520 1675 645 1717; x_wconf 89' lang='lat' dir='ltr'>illius</span> <span class='ocrx_word' id='word_1_175' title='bbox 687 1677 1014 1730; x_wconf 80' lang='lat' dir='ltr'>cognoscentes</span> <span class='ocrx_word' id='word_1_176' title='bbox 1055 1675 1111 1717; x_wconf 89' lang='lat' dir='ltr'>de</span> <span class='ocrx_word' id='word_1_177' title='bbox 1151 1688 1271 1730; x_wconf 86' lang='lat' dir='ltr'>rege,</span> <span class='ocrx_word' id='word_1_178' title='bbox 1319 1676 1427 1729; x_wconf 83' lang='lat' dir='ltr'>quia</span> <span class='ocrx_word' id='word_1_179' title='bbox 1467 1689 1604 1730; x_wconf 83' lang='lat' dir='ltr'>super</span> <span class='ocrx_word' id='word_1_180' title='bbox 1643 1689 1690 1718; x_wconf 90' lang='lat' dir='ltr'>se</span> <span class='ocrx_word' id='word_1_181' title='bbox 1738 1689 1841 1717; x_wconf 89' lang='lat' dir='ltr'>cum</span> 
     </span>
    </p>
   </div>
   <div class='ocr_carea' id='block_1_4' title="bbox 351 1812 1841 2128">
    <p class='ocr_par' dir='ltr' id='par_1_4' title="bbox 351 1812 1841 2128">
     <span class='ocr_line' id='line_1_24' title="bbox 354 1812 1841 1846; baseline 0.001 -8"><span class='ocrx_word' id='word_1_182' title='bbox 354 1815 382 1844; x_wconf 86' lang='lat' dir='ltr'>a)</span> <span class='ocrx_word' id='word_1_183' title='bbox 409 1813 552 1839; x_wconf 79' lang='lat' dir='ltr'>tancmari</span> <span class='ocrx_word' id='word_1_184' title='bbox 577 1814 665 1845; x_wconf 68' lang='lat' dir='ltr'>Saxo,</span> <span class='ocrx_word' id='word_1_185' title='bbox 693 1813 765 1838; x_wconf 80' lang='lat' dir='ltr'>alibi</span> <span class='ocrx_word' id='word_1_186' title='bbox 782 1813 953 1845; x_wconf 76' lang='lat' dir='ltr'>plerumque</span> <span class='ocrx_word' id='word_1_187' title='bbox 977 1813 1104 1840; x_wconf 80' lang='lat' dir='ltr'>thancm.</span> <span class='ocrx_word' id='word_1_188' title='bbox 1194 1813 1224 1845; x_wconf 89' lang='lat' dir='ltr'>b)</span> <span class='ocrx_word' id='word_1_189' title='bbox 1249 1813 1309 1840; x_wconf 88' lang='lat' dir='ltr'>mil.</span> <span class='ocrx_word' id='word_1_190' title='bbox 1334 1821 1388 1841; x_wconf 87' lang='lat' dir='ltr'>om.</span> <span class='ocrx_word' id='word_1_191' title='bbox 1406 1813 1469 1841; x_wconf 86' lang='lat' dir='ltr'>Bl.</span> <span class='ocrx_word' id='word_1_192' title='bbox 1558 1812 1586 1846; x_wconf 79' lang='lat' dir='ltr'>e)</span> <span class='ocrx_word' id='word_1_193' title='bbox 1609 1814 1650 1839; x_wconf 70' lang='lat' dir='ltr'>sic</span> <span class='ocrx_word' id='word_1_194' title='bbox 1668 1814 1703 1842; x_wconf 79' lang='grc' dir='ltr'>Δ.</span> <span class='ocrx_word' id='word_1_195' title='bbox 1722 1814 1784 1841; x_wconf 79' lang='grc' dir='ltr'>Β2.</span> <span class='ocrx_word' id='word_1_196' title='bbox 1802 1814 1841 1845; x_wconf 83' lang='lat'>0,-</span> 
     </span>
     <span class='ocr_line' id='line_1_25' title="bbox 354 1849 1841 1880; baseline 0 -6"><span class='ocrx_word' id='word_1_197' title='bbox 354 1849 535 1874; x_wconf 82' lang='lat' dir='ltr'>heresburch</span> <span class='ocrx_word' id='word_1_198' title='bbox 548 1849 574 1874; x_wconf 93' lang='lat' dir='ltr'><strong><em>B</em></strong></span> <span class='ocrx_word' id='word_1_199' title='bbox 584 1850 598 1874; x_wconf 85' lang='lat'><strong>1</strong></span> <span class='ocrx_word' id='word_1_200' title='bbox 612 1855 722 1880; x_wconf 76' lang='lat' dir='ltr'>semper</span> <span class='ocrx_word' id='word_1_201' title='bbox 735 1851 759 1873; x_wconf 81' lang='lat' dir='ltr'>et</span> <span class='ocrx_word' id='word_1_202' title='bbox 772 1849 923 1879; x_wconf 73' lang='lat' dir='ltr'>Siyebert.;</span> <span class='ocrx_word' id='word_1_203' title='bbox 942 1849 1099 1874; x_wconf 85' lang='lat' dir='ltr'>eresburch</span> <span class='ocrx_word' id='word_1_204' title='bbox 1116 1849 1269 1876; x_wconf 80' lang='lat' dir='ltr'>Thietmar.</span> <span class='ocrx_word' id='word_1_205' title='bbox 1276 1857 1288 1880; x_wconf 86' lang='lat'><em>;</em></span> <span class='ocrx_word' id='word_1_206' title='bbox 1300 1849 1448 1880; x_wconf 77' lang='lat' dir='ltr'>hereburg</span> <span class='ocrx_word' id='word_1_207' title='bbox 1459 1849 1543 1877; x_wconf 79' lang='lat' dir='ltr'>Frut.</span> <span class='ocrx_word' id='word_1_208' title='bbox 1551 1857 1563 1880; x_wconf 78' lang='lat'>,-</span> <span class='ocrx_word' id='word_1_209' title='bbox 1576 1849 1739 1874; x_wconf 85' lang='lat' dir='ltr'>heresburh</span> <span class='ocrx_word' id='word_1_210' title='bbox 1753 1849 1841 1877; x_wconf 71' lang='lat' dir='ltr'>Saxo.</span> 
     </span>
     <span class='ocr_line' id='line_1_26' title="bbox 354 1882 1839 1917; baseline 0 -8"><span class='ocrx_word' id='word_1_211' title='bbox 354 1883 384 1917; x_wconf 92' lang='lat' dir='ltr'>d)</span> <span class='ocrx_word' id='word_1_212' title='bbox 404 1883 489 1910; x_wconf 85' lang='lat' dir='ltr'>sedet</span> <span class='ocrx_word' id='word_1_213' title='bbox 506 1885 569 1911; x_wconf 79' lang='lat'><strong><em>132.</em></strong></span> <span class='ocrx_word' id='word_1_214' title='bbox 638 1886 665 1915; x_wconf 88' lang='lat' dir='ltr'>e)</span> <span class='ocrx_word' id='word_1_215' title='bbox 685 1884 876 1909; x_wconf 81' lang='lat' dir='ltr'>Eberhardus</span> <span class='ocrx_word' id='word_1_216' title='bbox 897 1884 932 1911; x_wconf 76' lang='lat' dir='ltr'>A.</span> <span class='ocrx_word' id='word_1_217' title='bbox 949 1884 1033 1911; x_wconf 79' lang='lat' dir='ltr'>Frut.</span> <span class='ocrx_word' id='word_1_218' title='bbox 1052 1884 1150 1915; x_wconf 74' lang='lat' dir='ltr'>Sax0;</span> <span class='ocrx_word' id='word_1_219' title='bbox 1168 1882 1360 1909; x_wconf 82' lang='lat' dir='ltr'>Euerhardus</span> <span class='ocrx_word' id='word_1_220' title='bbox 1379 1884 1440 1911; x_wconf 71' lang='lat'>132.</span> <span class='ocrx_word' id='word_1_221' title='bbox 1507 1885 1529 1916; x_wconf 82' lang='lat' dir='ltr'>f)</span> <span class='ocrx_word' id='word_1_222' title='bbox 1548 1884 1588 1909; x_wconf 72' lang='lat' dir='ltr'>sic</span> <span class='ocrx_word' id='word_1_223' title='bbox 1606 1885 1641 1912; x_wconf 75' lang='lat' dir='ltr'>A.</span> <span class='ocrx_word' id='word_1_224' title='bbox 1660 1884 1723 1912; x_wconf 71' lang='lat'>131.</span> <span class='ocrx_word' id='word_1_225' title='bbox 1740 1884 1839 1915; x_wconf 71' lang='lat' dir='ltr'>Saxo,-</span> 
     </span>
     <span class='ocr_line' id='line_1_27' title="bbox 354 1918 1838 1951; baseline 0 -6"><span class='ocrx_word' id='word_1_226' title='bbox 354 1918 453 1945; x_wconf 84' lang='lat' dir='ltr'>Dendi</span> <span class='ocrx_word' id='word_1_227' title='bbox 465 1920 529 1945; x_wconf 80' lang='lat'>132.</span> <span class='ocrx_word' id='word_1_228' title='bbox 551 1920 581 1951; x_wconf 79' lang='grc' dir='ltr'>Ο,</span> <span class='ocrx_word' id='word_1_229' title='bbox 601 1920 731 1944; x_wconf 77' lang='lat' dir='ltr'>radendo</span> <span class='ocrx_word' id='word_1_230' title='bbox 751 1926 826 1946; x_wconf 82' lang='lat' dir='ltr'>corr.</span> <span class='ocrx_word' id='word_1_231' title='bbox 843 1918 922 1944; x_wconf 86' lang='lat' dir='ltr'>Dedi</span> <span class='ocrx_word' id='word_1_232' title='bbox 943 1919 972 1945; x_wconf 82' lang='lat' dir='ltr'>C.</span> <span class='ocrx_word' id='word_1_233' title='bbox 1028 1921 1058 1950; x_wconf 83' lang='lat' dir='ltr'>g)</span> <span class='ocrx_word' id='word_1_234' title='bbox 1077 1919 1182 1945; x_wconf 81' lang='lat' dir='ltr'>laerun</span> <span class='ocrx_word' id='word_1_235' title='bbox 1195 1920 1257 1946; x_wconf 84' lang='lat' dir='ltr'>Bl.</span> <span class='ocrx_word' id='word_1_236' title='bbox 1314 1920 1345 1950; x_wconf 87' lang='lat' dir='ltr'>h)</span> <span class='ocrx_word' id='word_1_237' title='bbox 1364 1919 1521 1945; x_wconf 81' lang='lat' dir='ltr'>eberhardi</span> <span class='ocrx_word' id='word_1_238' title='bbox 1534 1920 1579 1951; x_wconf 70' lang='lat' dir='ltr'>A‚·</span> <span class='ocrx_word' id='word_1_239' title='bbox 1598 1919 1765 1945; x_wconf 79' lang='lat' dir='ltr'>Euerhardi</span> <span class='ocrx_word' id='word_1_240' title='bbox 1777 1920 1838 1947; x_wconf 76' lang='lat'>132.</span> 
     </span>
     <span class='ocr_line' id='line_1_28' title="bbox 354 1954 1839 1987; baseline 0 -8"><span class='ocrx_word' id='word_1_241' title='bbox 354 1956 442 1981; x_wconf 72' lang='lat' dir='ltr'>Saxo.</span> <span class='ocrx_word' id='word_1_242' title='bbox 533 1954 554 1987; x_wconf 85' lang='grc' dir='ltr'>ἰ)</span> <span class='ocrx_word' id='word_1_243' title='bbox 578 1955 619 1980; x_wconf 72' lang='lat' dir='ltr'>sic</span> <span class='ocrx_word' id='word_1_244' title='bbox 637 1955 673 1982; x_wconf 72' lang='lat' dir='ltr'>A.</span> <span class='ocrx_word' id='word_1_245' title='bbox 691 1955 752 1982; x_wconf 74' lang='lat' dir='ltr'>Bi.</span> <span class='ocrx_word' id='word_1_246' title='bbox 770 1955 796 1982; x_wconf 84' lang='lat'>2,</span> <span class='ocrx_word' id='word_1_247' title='bbox 816 1954 846 1981; x_wconf 81' lang='lat' dir='ltr'>C.</span> <span class='ocrx_word' id='word_1_248' title='bbox 865 1955 954 1986; x_wconf 72' lang='lat' dir='ltr'>Saxo,</span> <span class='ocrx_word' id='word_1_249' title='bbox 977 1954 1013 1983; x_wconf 70' lang='lat' dir='ltr'>cf,</span> <span class='ocrx_word' id='word_1_250' title='bbox 1032 1962 1124 1986; x_wconf 73' lang='lat' dir='ltr'>supra</span> <span class='ocrx_word' id='word_1_251' title='bbox 1142 1962 1177 1986; x_wconf 80' lang='lat' dir='ltr'>p.</span> <span class='ocrx_word' id='word_1_252' title='bbox 1196 1955 1241 1986; x_wconf 80' lang='lat'>59,</span> <span class='ocrx_word' id='word_1_253' title='bbox 1261 1962 1289 1981; x_wconf 86' lang='lat' dir='ltr'>n.</span> <span class='ocrx_word' id='word_1_254' title='bbox 1307 1962 1336 1986; x_wconf 84' lang='lat' dir='ltr'>p.</span> <span class='ocrx_word' id='word_1_255' title='bbox 1428 1955 1460 1985; x_wconf 82' lang='lat' dir='ltr'>k&gt;</span> <span class='ocrx_word' id='word_1_256' title='bbox 1484 1962 1556 1986; x_wconf 82' lang='lat' dir='ltr'>quae</span> <span class='ocrx_word' id='word_1_257' title='bbox 1579 1957 1735 1987; x_wconf 56' lang='lat' dir='ltr'>aquantur</span> <span class='ocrx_word' id='word_1_258' title='bbox 1753 1962 1839 1987; x_wconf 65' lang='lat' dir='ltr'>usque</span> 
     </span>
     <span class='ocr_line' id='line_1_29' title="bbox 354 1990 1839 2022; baseline 0 -7"><span class='ocrx_word' id='word_1_259' title='bbox 354 1992 392 2015; x_wconf 82' lang='lat' dir='ltr'>ad</span> <span class='ocrx_word' id='word_1_260' title='bbox 411 1991 497 2015; x_wconf 84' lang='lat' dir='ltr'>verba</span> <span class='ocrx_word' id='word_1_261' title='bbox 516 1998 550 2015; x_wconf 79' lang='lat' dir='ltr'>ac</span> <span class='ocrx_word' id='word_1_262' title='bbox 570 1990 687 2022; x_wconf 84' lang='lat' dir='ltr'>imperii</span> <span class='ocrx_word' id='word_1_263' title='bbox 705 1997 775 2015; x_wconf 84' lang='lat' dir='ltr'>usus</span> <span class='ocrx_word' id='word_1_264' title='bbox 795 1993 841 2015; x_wconf 79' lang='lat' dir='ltr'>est</span> <span class='ocrx_word' id='word_1_265' title='bbox 857 1990 895 2019; x_wconf 83' lang='lat' dir='ltr'>(c.</span> <span class='ocrx_word' id='word_1_266' title='bbox 910 1990 1035 2017; x_wconf 81' lang='lat' dir='ltr'>XXIIII.</span> <span class='ocrx_word' id='word_1_267' title='bbox 1049 1998 1081 2022; x_wconf 75' lang='lat' dir='ltr'>p.</span> <span class='ocrx_word' id='word_1_268' title='bbox 1095 1990 1138 2022; x_wconf 74' lang='lat'>74,</span> <span class='ocrx_word' id='word_1_269' title='bbox 1153 1991 1173 2015; x_wconf 90' lang='lat' dir='ltr'>l.</span> <span class='ocrx_word' id='word_1_270' title='bbox 1187 1990 1236 2022; x_wconf 83' lang='lat'>25)</span> <span class='ocrx_word' id='word_1_271' title='bbox 1254 1990 1337 2014; x_wconf 77' lang='lat' dir='ltr'>habet</span> <span class='ocrx_word' id='word_1_272' title='bbox 1351 1990 1377 2015; x_wconf 71' lang='lat' dir='ltr'><em>A</em></span> <span class='ocrx_word' id='word_1_273' title='bbox 1390 1990 1420 2014; x_wconf 81' lang='lat' dir='ltr'>in</span> <span class='ocrx_word' id='word_1_274' title='bbox 1439 1990 1549 2015; x_wconf 74' lang='lat' dir='ltr'>duobus</span> <span class='ocrx_word' id='word_1_275' title='bbox 1566 1991 1658 2022; x_wconf 72' lang='lat' dir='ltr'>foliis,</span> <span class='ocrx_word' id='word_1_276' title='bbox 1671 1991 1839 2022; x_wconf 71' lang='lat' dir='ltr'>quaeprius</span> 
     </span>
     <span class='ocr_line' id='line_1_30' title="bbox 353 2025 1838 2058; baseline 0 -8"><span class='ocrx_word' id='word_1_277' title='bbox 353 2027 516 2051; x_wconf 73' lang='lat' dir='ltr'>desiderata</span> <span class='ocrx_word' id='word_1_278' title='bbox 536 2033 563 2054; x_wconf 87' lang='grc' dir='ltr'>α,</span> <span class='ocrx_word' id='word_1_279' title='bbox 577 2026 654 2052; x_wconf 84' lang='lat'>1850.</span> <span class='ocrx_word' id='word_1_280' title='bbox 674 2033 693 2050; x_wconf 87' lang='grc' dir='ltr'><em>α</em></span> <span class='ocrx_word' id='word_1_281' title='bbox 707 2025 737 2053; x_wconf 84' lang='lat' dir='ltr'>V&#39;.</span> <span class='ocrx_word' id='word_1_282' title='bbox 757 2025 799 2052; x_wconf 74' lang='grc' dir='ltr'>Οἱ.</span> <span class='ocrx_word' id='word_1_283' title='bbox 811 2025 892 2050; x_wconf 85' lang='lat' dir='ltr'><strong><em>Kohl</em></strong></span> <span class='ocrx_word' id='word_1_284' title='bbox 910 2028 1025 2056; x_wconf 78' lang='lat' dir='ltr'>reperta</span> <span class='ocrx_word' id='word_1_285' title='bbox 1042 2028 1118 2057; x_wconf 72' lang='lat' dir='ltr'>eunt,</span> <span class='ocrx_word' id='word_1_286' title='bbox 1138 2026 1174 2056; x_wconf 62' lang='grc' dir='ltr'>εἰ.</span> <span class='ocrx_word' id='word_1_287' title='bbox 1188 2025 1320 2056; x_wconf 74' lang='lat' dir='ltr'>praefat.</span> <span class='ocrx_word' id='word_1_288' title='bbox 1391 2025 1412 2056; x_wconf 93' lang='lat' dir='ltr'>l)</span> <span class='ocrx_word' id='word_1_289' title='bbox 1431 2032 1525 2058; x_wconf 80' lang='lat' dir='ltr'>usque</span> <span class='ocrx_word' id='word_1_290' title='bbox 1546 2032 1602 2051; x_wconf 90' lang='lat' dir='ltr'>om.</span> <span class='ocrx_word' id='word_1_291' title='bbox 1622 2025 1648 2050; x_wconf 87' lang='lat' dir='ltr'><em>B</em></span> <span class='ocrx_word' id='word_1_292' title='bbox 1662 2027 1687 2053; x_wconf 83' lang='lat'>1.</span> <span class='ocrx_word' id='word_1_293' title='bbox 1705 2026 1730 2053; x_wconf 80' lang='lat'>2.</span> <span class='ocrx_word' id='word_1_294' title='bbox 1749 2026 1838 2053; x_wconf 74' lang='lat' dir='ltr'>Saxo.</span> 
     </span>
     <span class='ocr_line' id='line_1_31' title="bbox 352 2060 1839 2094; baseline 0 -8"><span class='ocrx_word' id='word_1_295' title='bbox 352 2063 392 2092; x_wconf 91' lang='lat' dir='ltr'>m)</span> <span class='ocrx_word' id='word_1_296' title='bbox 411 2069 488 2093; x_wconf 80' lang='lat' dir='ltr'>poss.</span> <span class='ocrx_word' id='word_1_297' title='bbox 507 2061 618 2086; x_wconf 83' lang='lat' dir='ltr'>habens</span> <span class='ocrx_word' id='word_1_298' title='bbox 638 2061 700 2088; x_wconf 81' lang='lat'>131.</span> <span class='ocrx_word' id='word_1_299' title='bbox 783 2062 814 2092; x_wconf 89' lang='lat' dir='ltr'>n)</span> <span class='ocrx_word' id='word_1_300' title='bbox 831 2061 872 2085; x_wconf 73' lang='lat' dir='ltr'>sic</span> <span class='ocrx_word' id='word_1_301' title='bbox 891 2061 927 2088; x_wconf 74' lang='lat' dir='ltr'>A.</span> <span class='ocrx_word' id='word_1_302' title='bbox 942 2060 979 2091; x_wconf 73' lang='lat' dir='ltr'>C,-</span> <span class='ocrx_word' id='word_1_303' title='bbox 1007 2061 1072 2086; x_wconf 80' lang='lat' dir='ltr'>aliis</span> <span class='ocrx_word' id='word_1_304' title='bbox 1091 2061 1226 2092; x_wconf 83' lang='lat' dir='ltr'>pluribus</span> <span class='ocrx_word' id='word_1_305' title='bbox 1245 2061 1271 2086; x_wconf 88' lang='lat' dir='ltr'><em>B</em></span> <span class='ocrx_word' id='word_1_306' title='bbox 1285 2062 1310 2088; x_wconf 83' lang='lat'>1.</span> <span class='ocrx_word' id='word_1_307' title='bbox 1329 2060 1356 2086; x_wconf 85' lang='lat'>2.</span> <span class='ocrx_word' id='word_1_308' title='bbox 1376 2061 1465 2086; x_wconf 76' lang='lat' dir='ltr'>Saxo.</span> <span class='ocrx_word' id='word_1_309' title='bbox 1557 2060 1587 2094; x_wconf 91' lang='lat' dir='ltr'>o)</span> <span class='ocrx_word' id='word_1_310' title='bbox 1606 2061 1706 2089; x_wconf 70' lang='lat' dir='ltr'>hex-ed.</span> <span class='ocrx_word' id='word_1_311' title='bbox 1725 2068 1758 2087; x_wconf 79' lang='lat' dir='ltr'>ee</span> <span class='ocrx_word' id='word_1_312' title='bbox 1776 2061 1839 2088; x_wconf 86' lang='lat' dir='ltr'>Bl.</span> 
     </span>
     <span class='ocr_line' id='line_1_32' title="bbox 351 2094 1343 2128; baseline 0 -7"><span class='ocrx_word' id='word_1_313' title='bbox 351 2098 382 2128; x_wconf 79' lang='lat' dir='ltr'>p)</span> <span class='ocrx_word' id='word_1_314' title='bbox 401 2097 526 2128; x_wconf 80' lang='lat' dir='ltr'>sumpsit</span> <span class='ocrx_word' id='word_1_315' title='bbox 544 2097 605 2122; x_wconf 77' lang='lat'>132.</span> <span class='ocrx_word' id='word_1_316' title='bbox 626 2097 714 2123; x_wconf 65' lang='lat' dir='ltr'>Samo.</span> <span class='ocrx_word' id='word_1_317' title='bbox 787 2095 817 2127; x_wconf 88' lang='lat' dir='ltr'>q)</span> <span class='ocrx_word' id='word_1_318' title='bbox 837 2094 875 2121; x_wconf 82' lang='lat' dir='ltr'>ad</span> <span class='ocrx_word' id='word_1_319' title='bbox 894 2103 948 2123; x_wconf 86' lang='lat' dir='ltr'>om.</span> <span class='ocrx_word' id='word_1_320' title='bbox 967 2096 1002 2123; x_wconf 78' lang='lat' dir='ltr'>A.</span> <span class='ocrx_word' id='word_1_321' title='bbox 1022 2110 1054 2114; x_wconf 90' lang='lat'>—</span> <span class='ocrx_word' id='word_1_322' title='bbox 1075 2096 1234 2121; x_wconf 79' lang='lat' dir='ltr'>eresburch</span> <span class='ocrx_word' id='word_1_323' title='bbox 1254 2096 1343 2121; x_wconf 74' lang='lat' dir='ltr'>Saxo.</span> 
     </span>
    </p>
   </div>
   <div class='ocr_carea' id='block_1_5' title="bbox 350 2201 1838 2574">
    <p class='ocr_par' dir='ltr' id='par_1_5' title="bbox 350 2201 1838 2574">
     <span class='ocr_line' id='line_1_33' title="bbox 353 2201 1837 2248; baseline -0.003 -10"><span class='ocrx_word' id='word_1_324' title='bbox 353 2202 387 2248; x_wconf 89' lang='lat'>1)</span> <span class='ocrx_word' id='word_1_325' title='bbox 405 2203 519 2236; x_wconf 79' lang='lat' dir='ltr'>Hodie</span> <span class='ocrx_word' id='word_1_326' title='bbox 539 2202 834 2245; x_wconf 75' lang='lat' dir='ltr'>Ober-Marsberq</span> <span class='ocrx_word' id='word_1_327' title='bbox 850 2202 899 2235; x_wconf 84' lang='lat' dir='ltr'>ad</span> <span class='ocrx_word' id='word_1_328' title='bbox 914 2203 952 2244; x_wconf 81' lang='lat' dir='ltr'>fl.</span> <span class='ocrx_word' id='word_1_329' title='bbox 969 2202 1113 2236; x_wconf 83' lang='lat' dir='ltr'>Diemel.</span> <span class='ocrx_word' id='word_1_330' title='bbox 1157 2201 1213 2244; x_wconf 79' lang='lat' dir='ltr'>Cf.</span> <span class='ocrx_word' id='word_1_331' title='bbox 1231 2212 1348 2246; x_wconf 76' lang='lat' dir='ltr'>supra</span> <span class='ocrx_word' id='word_1_332' title='bbox 1363 2213 1404 2245; x_wconf 77' lang='lat' dir='ltr'>p.</span> <span class='ocrx_word' id='word_1_333' title='bbox 1421 2203 1479 2245; x_wconf 88' lang='lat'>31,</span> <span class='ocrx_word' id='word_1_334' title='bbox 1496 2213 1532 2237; x_wconf 79' lang='lat' dir='ltr'>n.</span> <span class='ocrx_word' id='word_1_335' title='bbox 1550 2203 1584 2237; x_wconf 85' lang='lat'>2.</span> <span class='ocrx_word' id='word_1_336' title='bbox 1681 2202 1717 2244; x_wconf 85' lang='lat'>2)</span> <span class='ocrx_word' id='word_1_337' title='bbox 1735 2201 1837 2243; x_wconf 81' lang='lat' dir='ltr'>Dedi,</span> 
     </span>
     <span class='ocr_line' id='line_1_34' title="bbox 351 2249 1838 2293; baseline -0.001 -10"><span class='ocrx_word' id='word_1_338' title='bbox 351 2252 520 2293; x_wconf 76' lang='lat' dir='ltr'>quoniam</span> <span class='ocrx_word' id='word_1_339' title='bbox 534 2250 581 2282; x_wconf 83' lang='lat' dir='ltr'>ad</span> <span class='ocrx_word' id='word_1_340' title='bbox 592 2259 717 2283; x_wconf 74' lang='lat' dir='ltr'>nomen</span> <span class='ocrx_word' id='word_1_341' title='bbox 730 2251 804 2283; x_wconf 80' lang='lat' dir='ltr'>eius</span> <span class='ocrx_word' id='word_1_342' title='bbox 820 2261 843 2282; x_wconf 89' lang='lat' dir='ltr'>a</span> <span class='ocrx_word' id='word_1_343' title='bbox 857 2249 949 2284; x_wconf 76' lang='lat' dir='ltr'><em>Wid.</em></span> <span class='ocrx_word' id='word_1_344' title='bbox 967 2249 1062 2282; x_wconf 74' lang='lat' dir='ltr'><em>nihil</em></span> <span class='ocrx_word' id='word_1_345' title='bbox 1073 2249 1240 2290; x_wconf 75' lang='lat' dir='ltr'>adicitur,</span> <span class='ocrx_word' id='word_1_346' title='bbox 1254 2249 1391 2282; x_wconf 81' lang='lat' dir='ltr'>videtur</span> <span class='ocrx_word' id='word_1_347' title='bbox 1402 2250 1514 2291; x_wconf 76' lang='lat' dir='ltr'>fuisse</span> <span class='ocrx_word' id='word_1_348' title='bbox 1526 2249 1732 2283; x_wconf 76' lang='lat' dir='ltr'>notissimus</span> <span class='ocrx_word' id='word_1_349' title='bbox 1744 2249 1838 2282; x_wconf 77' lang='lat' dir='ltr'>inter</span> 
     </span>
     <span class='ocr_line' id='line_1_35' title="bbox 350 2293 1837 2339; baseline -0.001 -9"><span class='ocrx_word' id='word_1_350' title='bbox 350 2299 511 2339; x_wconf 73' lang='lat' dir='ltr'>fautores</span> <span class='ocrx_word' id='word_1_351' title='bbox 534 2298 639 2339; x_wconf 71' lang='lat' dir='ltr'>reyis.</span> <span class='ocrx_word' id='word_1_352' title='bbox 685 2296 855 2330; x_wconf 66' lang='lat' dir='ltr'>Fmtasse</span> <span class='ocrx_word' id='word_1_353' title='bbox 879 2296 982 2339; x_wconf 82' lang='lat' dir='ltr'>idem,</span> <span class='ocrx_word' id='word_1_354' title='bbox 1008 2297 1049 2329; x_wconf 86' lang='lat' dir='ltr'>de</span> <span class='ocrx_word' id='word_1_355' title='bbox 1073 2306 1141 2339; x_wconf 81' lang='lat' dir='ltr'>quo</span> <span class='ocrx_word' id='word_1_356' title='bbox 1156 2295 1294 2330; x_wconf 78' lang='lat' dir='ltr'>Necrol.</span> <span class='ocrx_word' id='word_1_357' title='bbox 1313 2295 1480 2331; x_wconf 63' lang='lat' dir='ltr'>Mersa)..-</span> <span class='ocrx_word' id='word_1_358' title='bbox 1504 2294 1539 2329; x_wconf 92' lang='lat' dir='ltr'>N</span> <span class='ocrx_word' id='word_1_359' title='bbox 1541 2306 1628 2329; x_wconf 86' lang='lat' dir='ltr'>onas</span> <span class='ocrx_word' id='word_1_360' title='bbox 1649 2293 1720 2330; x_wconf 88' lang='lat' dir='ltr'>Iul.</span> <span class='ocrx_word' id='word_1_361' title='bbox 1742 2294 1837 2329; x_wconf 86' lang='lat' dir='ltr'>Dedi</span> 
     </span>
     <span class='ocr_line' id='line_1_36' title="bbox 350 2342 1835 2386; baseline -0.001 -9"><span class='ocrx_word' id='word_1_362' title='bbox 350 2343 462 2377; x_wconf 83' lang='lat' dir='ltr'>laicus</span> <span class='ocrx_word' id='word_1_363' title='bbox 489 2342 627 2377; x_wconf 79' lang='lat' dir='ltr'>occisus</span> <span class='ocrx_word' id='word_1_364' title='bbox 652 2345 725 2386; x_wconf 85' lang='lat' dir='ltr'>est3</span> <span class='ocrx_word' id='word_1_365' title='bbox 752 2342 809 2378; x_wconf 59' lang='grc' dir='ltr'>(Ν.</span> <span class='ocrx_word' id='word_1_366' title='bbox 832 2342 965 2376; x_wconf 68' lang='lat' dir='ltr'>Mitth!</span> <span class='ocrx_word' id='word_1_367' title='bbox 988 2342 1057 2382; x_wconf 90' lang='lat' dir='ltr'>XI,</span> <span class='ocrx_word' id='word_1_368' title='bbox 1077 2353 1116 2385; x_wconf 78' lang='lat' dir='ltr'>p.</span> <span class='ocrx_word' id='word_1_369' title='bbox 1135 2344 1215 2378; x_wconf 89' lang='grc'><strong>237.</strong></span> <span class='ocrx_word' id='word_1_370' title='bbox 1312 2343 1349 2386; x_wconf 89' lang='lat'>3)</span> <span class='ocrx_word' id='word_1_371' title='bbox 1375 2342 1474 2375; x_wconf 74' lang='lat' dir='ltr'>Lae’r</span> <span class='ocrx_word' id='word_1_372' title='bbox 1499 2353 1523 2375; x_wconf 88' lang='lat' dir='ltr'>a</span> <span class='ocrx_word' id='word_1_373' title='bbox 1547 2342 1724 2376; x_wconf 72' lang='lat' dir='ltr'>Meschede</span> <span class='ocrx_word' id='word_1_374' title='bbox 1747 2343 1835 2376; x_wconf 78' lang='lat' dir='ltr'>occi-</span> 
     </span>
     <span class='ocr_line' id='line_1_37' title="bbox 350 2388 1836 2433; baseline -0.002 -9"><span class='ocrx_word' id='word_1_375' title='bbox 350 2391 482 2424; x_wconf 82' lang='lat' dir='ltr'>dentem</span> <span class='ocrx_word' id='word_1_376' title='bbox 516 2400 640 2423; x_wconf 79' lang='lat' dir='ltr'>versus</span> <span class='ocrx_word' id='word_1_377' title='bbox 673 2390 880 2433; x_wconf 76' lang='lat' dir='ltr'>(Diekamp,</span> <span class='ocrx_word' id='word_1_378' title='bbox 917 2389 1054 2431; x_wconf 70' lang='lat' dir='ltr'>‘Westfi</span> <span class='ocrx_word' id='word_1_379' title='bbox 1088 2388 1187 2431; x_wconf 66' lang='lat' dir='ltr'><em>UBJ,</em></span> <span class='ocrx_word' id='word_1_380' title='bbox 1223 2389 1347 2433; x_wconf 81' lang='lat' dir='ltr'>Suppl.</span> <span class='ocrx_word' id='word_1_381' title='bbox 1382 2400 1439 2425; x_wconf 80' lang='lat' dir='ltr'>nr.</span> <span class='ocrx_word' id='word_1_382' title='bbox 1465 2390 1553 2432; x_wconf 83' lang='lat'><em>386)</em></span> <span class='ocrx_word' id='word_1_383' title='bbox 1586 2390 1639 2423; x_wconf 83' lang='lat' dir='ltr'>vel</span> <span class='ocrx_word' id='word_1_384' title='bbox 1660 2389 1766 2422; x_wconf 86' lang='lat' dir='ltr'>Laar</span> <span class='ocrx_word' id='word_1_385' title='bbox 1791 2389 1836 2422; x_wconf 85' lang='lat' dir='ltr'>ab</span> 
     </span>
     <span class='ocr_line' id='line_1_38' title="bbox 350 2436 1835 2482; baseline 0 -11"><span class='ocrx_word' id='word_1_386' title='bbox 350 2437 513 2480; x_wconf 63' lang='lat' dir='ltr'>Her-ford</span> <span class='ocrx_word' id='word_1_387' title='bbox 537 2438 631 2470; x_wconf 75' lang='lat' dir='ltr'>inter</span> <span class='ocrx_word' id='word_1_388' title='bbox 654 2437 837 2469; x_wconf 77' lang='lat' dir='ltr'>meridiem</span> <span class='ocrx_word' id='word_1_389' title='bbox 865 2440 895 2469; x_wconf 87' lang='lat' dir='ltr'>et</span> <span class='ocrx_word' id='word_1_390' title='bbox 924 2437 1138 2478; x_wconf 73' lang='lat' dir='ltr'>occidentem,</span> <span class='ocrx_word' id='word_1_391' title='bbox 1168 2437 1206 2469; x_wconf 78' lang='lat' dir='ltr'>in</span> <span class='ocrx_word' id='word_1_392' title='bbox 1228 2446 1328 2482; x_wconf 74' lang='lat' dir='ltr'>paqo</span> <span class='ocrx_word' id='word_1_393' title='bbox 1353 2436 1558 2479; x_wconf 70' lang='lat' dir='ltr'>Westfalon.</span> <span class='ocrx_word' id='word_1_394' title='bbox 1610 2436 1665 2479; x_wconf 79' lang='lat' dir='ltr'>Cf.</span> <span class='ocrx_word' id='word_1_395' title='bbox 1693 2436 1835 2472; x_wconf 78' lang='lat' dir='ltr'>Tradit.</span> 
     </span>
     <span class='ocr_line' id='line_1_39' title="bbox 351 2481 1834 2528; baseline 0 -9"><span class='ocrx_word' id='word_1_396' title='bbox 351 2485 450 2519; x_wconf 67' lang='lat' dir='ltr'><em>Coo-h.</em></span> <span class='ocrx_word' id='word_1_397' title='bbox 485 2484 535 2519; x_wconf 85' lang='lat' dir='ltr'>ed.</span> <span class='ocrx_word' id='word_1_398' title='bbox 566 2484 720 2527; x_wconf 71' lang='lat' dir='ltr'>Wz‘qand</span> <span class='ocrx_word' id='word_1_399' title='bbox 748 2494 786 2526; x_wconf 79' lang='lat' dir='ltr'>p,</span> <span class='ocrx_word' id='word_1_400' title='bbox 815 2484 900 2518; x_wconf 85' lang='lat'>107:</span> <span class='ocrx_word' id='word_1_401' title='bbox 934 2482 972 2516; x_wconf 84' lang='lat' dir='ltr'>in</span> <span class='ocrx_word' id='word_1_402' title='bbox 997 2481 1153 2518; x_wconf 81' lang='lat' dir='ltr'>Laarun.</span> <span class='ocrx_word' id='word_1_403' title='bbox 1282 2482 1319 2528; x_wconf 87' lang='lat'>4)</span> <span class='ocrx_word' id='word_1_404' title='bbox 1354 2483 1408 2526; x_wconf 79' lang='lat' dir='ltr'>Cf.</span> <span class='ocrx_word' id='word_1_405' title='bbox 1445 2483 1542 2519; x_wconf 82' lang='lat' dir='ltr'>Cont.</span> <span class='ocrx_word' id='word_1_406' title='bbox 1572 2483 1657 2527; x_wconf 73' lang='lat' dir='ltr'>Rey.</span> <span class='ocrx_word' id='word_1_407' title='bbox 1692 2494 1726 2518; x_wconf 88' lang='lat' dir='ltr'>a.</span> <span class='ocrx_word' id='word_1_408' title='bbox 1753 2485 1834 2526; x_wconf 88' lang='lat'><strong>939,</strong></span> 
     </span>
     <span class='ocr_line' id='line_1_40' title="bbox 350 2529 1834 2574; baseline 0 -8"><span class='ocrx_word' id='word_1_409' title='bbox 350 2531 415 2567; x_wconf 85' lang='lat' dir='ltr'>SS.</span> <span class='ocrx_word' id='word_1_410' title='bbox 439 2543 471 2566; x_wconf 78' lang='lat' dir='ltr'>r.</span> <span class='ocrx_word' id='word_1_411' title='bbox 499 2531 541 2566; x_wconf 79' lang='lat' dir='ltr'>G.</span> <span class='ocrx_word' id='word_1_412' title='bbox 571 2542 610 2574; x_wconf 75' lang='lat' dir='ltr'>p.</span> <span class='ocrx_word' id='word_1_413' title='bbox 637 2532 725 2566; x_wconf 82' lang='lat'>161:</span> <span class='ocrx_word' id='word_1_414' title='bbox 749 2529 948 2574; x_wconf 85' lang='lat' dir='ltr'>Wigmann</span> <span class='ocrx_word' id='word_1_415' title='bbox 974 2529 1070 2564; x_wconf 86' lang='lat' dir='ltr'>Saxo</span> <span class='ocrx_word' id='word_1_416' title='bbox 1095 2529 1276 2564; x_wconf 84' lang='lat' dir='ltr'>rebellans</span> <span class='ocrx_word' id='word_1_417' title='bbox 1309 2529 1574 2566; x_wconf 77' lang='lat' dir='ltr'>reconciliatur.</span> <span class='ocrx_word' id='word_1_418' title='bbox 1704 2530 1743 2573; x_wconf 86' lang='lat'>5)</span> <span class='ocrx_word' id='word_1_419' title='bbox 1779 2530 1834 2573; x_wconf 76' lang='lat' dir='ltr'>C‘f.</span> 
     </span>
    </p>
   </div>
   <div class='ocr_carea' id='block_1_6' title="bbox 1870 694 1887 719">
    <p class='ocr_par' dir='ltr' id='par_1_6' title="bbox 1870 694 1887 719">
     <span class='ocr_line' id='line_1_41' title="bbox 1870 694 1887 719; baseline 0 0"><span class='ocrx_word' id='word_1_420' title='bbox 1870 694 1887 719; x_wconf 85' lang='lat'><strong>5</strong></span> 
     </span>
    </p>
   </div>
   <div class='ocr_carea' id='block_1_7' title="bbox 1867 853 2034 898">
    <p class='ocr_par' dir='ltr' id='par_1_7' title="bbox 1867 853 2034 898">
     <span class='ocr_line' id='line_1_42' title="bbox 1867 853 2034 898; baseline -0.018 -5"><span class='ocrx_word' id='word_1_421' title='bbox 1867 865 1911 898; x_wconf 58' lang='grc'><strong>*11.</strong></span> <span class='ocrx_word' id='word_1_422' title='bbox 1925 866 1992 891; x_wconf 75' lang='lat'>441.</span> <span class='ocrx_word' id='word_1_423' title='bbox 2033 853 2034 866; x_wconf 65' lang='lat'><strong>³</strong></span> 
     </span>
    </p>
   </div>
   <div class='ocr_carea' id='block_1_8' title="bbox 1868 987 1902 1012">
    <p class='ocr_par' dir='ltr' id='par_1_8' title="bbox 1868 987 1902 1012">
     <span class='ocr_line' id='line_1_43' title="bbox 1868 987 1902 1012; baseline 0 0"><span class='ocrx_word' id='word_1_424' title='bbox 1868 987 1902 1012; x_wconf 90' lang='lat'>10</span> 
     </span>
    </p>
   </div>
   <div class='ocr_carea' id='block_1_9' title="bbox 1867 1278 1903 1305">
    <p class='ocr_par' dir='ltr' id='par_1_9' title="bbox 1867 1278 1903 1305">
     <span class='ocr_line' id='line_1_44' title="bbox 1867 1278 1903 1305; baseline -0.028 0"><span class='ocrx_word' id='word_1_425' title='bbox 1867 1278 1903 1305; x_wconf 79' lang='lat'>15</span> 
     </span>
    </p>
   </div>
   <div class='ocr_carea' id='block_1_10' title="bbox 1866 1573 1904 1598">
    <p class='ocr_par' dir='ltr' id='par_1_10' title="bbox 1866 1573 1904 1598">
     <span class='ocr_line' id='line_1_45' title="bbox 1866 1573 1904 1598; baseline 0 0"><span class='ocrx_word' id='word_1_426' title='bbox 1866 1573 1904 1598; x_wconf 82' lang='lat'>20</span> 
     </span>
    </p>
   </div>
   <div class='ocr_carea' id='block_1_11' title="bbox 1864 1887 1900 1913">
    <p class='ocr_par' dir='ltr' id='par_1_11' title="bbox 1864 1887 1900 1913">
     <span class='ocr_line' id='line_1_46' title="bbox 1864 1887 1900 1913; baseline 0 0"><span class='ocrx_word' id='word_1_427' title='bbox 1864 1887 1900 1913; x_wconf 82' lang='lat'>25</span> 
     </span>
    </p>
   </div>
   <div class='ocr_carea' id='block_1_12' title="bbox 1863 2063 1900 2090">
    <p class='ocr_par' dir='ltr' id='par_1_12' title="bbox 1863 2063 1900 2090">
     <span class='ocr_line' id='line_1_47' title="bbox 1863 2063 1900 2090; baseline -0.054 0"><span class='ocrx_word' id='word_1_428' title='bbox 1863 2063 1900 2090; x_wconf 71' lang='lat'>⁸0</span> 
     </span>
    </p>
   </div>
   <div class='ocr_carea' id='block_1_13' title="bbox 1861 2350 1897 2376">
    <p class='ocr_par' dir='ltr' id='par_1_13' title="bbox 1861 2350 1897 2376">
     <span class='ocr_line' id='line_1_48' title="bbox 1861 2350 1897 2376; baseline 0 0"><span class='ocrx_word' id='word_1_429' title='bbox 1861 2350 1897 2376; x_wconf 75' lang='lat'>35</span> 
     </span>
    </p>
   </div>
   <div class='ocr_carea' id='block_1_14' title="bbox 349 2577 1897 2623">
    <p class='ocr_par' dir='ltr' id='par_1_14' title="bbox 349 2577 1897 2623">
     <span class='ocr_line' id='line_1_49' title="bbox 349 2577 1897 2623; baseline -0.001 -11"><span class='ocrx_word' id='word_1_430' title='bbox 349 2589 466 2623; x_wconf 77' lang='lat' dir='ltr'>supra</span> <span class='ocrx_word' id='word_1_431' title='bbox 487 2589 527 2622; x_wconf 79' lang='lat' dir='ltr'>p.</span> <span class='ocrx_word' id='word_1_432' title='bbox 549 2579 607 2621; x_wconf 84' lang='lat'>43,</span> <span class='ocrx_word' id='word_1_433' title='bbox 631 2578 654 2613; x_wconf 80' lang='lat' dir='ltr'>l.</span> <span class='ocrx_word' id='word_1_434' title='bbox 677 2579 732 2613; x_wconf 89' lang='lat'>16.</span> <span class='ocrx_word' id='word_1_435' title='bbox 758 2581 788 2611; x_wconf 86' lang='lat' dir='ltr'>et</span> <span class='ocrx_word' id='word_1_436' title='bbox 812 2588 847 2613; x_wconf 74' lang='lat' dir='ltr'>n.</span> <span class='ocrx_word' id='word_1_437' title='bbox 873 2579 927 2613; x_wconf 91' lang='grc'>11.</span> <span class='ocrx_word' id='word_1_438' title='bbox 955 2588 995 2620; x_wconf 76' lang='lat' dir='ltr'>p·</span> <span class='ocrx_word' id='word_1_439' title='bbox 1018 2579 1075 2620; x_wconf 85' lang='lat'>59,</span> <span class='ocrx_word' id='word_1_440' title='bbox 1097 2578 1119 2612; x_wconf 80' lang='lat' dir='ltr'>Z.</span> <span class='ocrx_word' id='word_1_441' title='bbox 1142 2579 1174 2613; x_wconf 89' lang='lat'>9.</span> <span class='ocrx_word' id='word_1_442' title='bbox 1199 2581 1230 2611; x_wconf 89' lang='lat' dir='ltr'>et</span> <span class='ocrx_word' id='word_1_443' title='bbox 1258 2589 1292 2613; x_wconf 80' lang='lat' dir='ltr'>n.</span> <span class='ocrx_word' id='word_1_444' title='bbox 1319 2579 1352 2612; x_wconf 84' lang='lat'>2.</span> <span class='ocrx_word' id='word_1_445' title='bbox 1387 2597 1428 2602; x_wconf 94' lang='lat'><strong>—</strong></span> <span class='ocrx_word' id='word_1_446' title='bbox 1464 2577 1555 2611; x_wconf 75' lang='lat' dir='ltr'>Obiit</span> <span class='ocrx_word' id='word_1_447' title='bbox 1578 2577 1836 2612; x_wconf 73' lang='lat' dir='ltr'>Wichmannus</span> <span class='ocrx_word' id='word_1_448' title='bbox 1858 2585 1897 2610; x_wconf 75' lang='lat'>4⁰</span> 
     </span>
    </p>
   </div>
   <div class='ocr_carea' id='block_1_15' title="bbox 343 2624 1833 2998">
    <p class='ocr_par' dir='ltr' id='par_1_15' title="bbox 343 2624 1833 2998">
     <span class='ocr_line' id='line_1_50' title="bbox 349 2624 1832 2669; baseline 0 -9"><span class='ocrx_word' id='word_1_449' title='bbox 349 2638 384 2660; x_wconf 90' lang='lat' dir='ltr'>a.</span> <span class='ocrx_word' id='word_1_450' title='bbox 409 2627 489 2661; x_wconf 79' lang='lat'><strong>944.</strong></span> <span class='ocrx_word' id='word_1_451' title='bbox 600 2625 636 2669; x_wconf 87' lang='lat'>6)</span> <span class='ocrx_word' id='word_1_452' title='bbox 670 2625 893 2668; x_wconf 69' lang='lat' dir='ltr'>Hatheburq,</span> <span class='ocrx_word' id='word_1_453' title='bbox 920 2625 997 2666; x_wconf 80' lang='lat' dir='ltr'>filia</span> <span class='ocrx_word' id='word_1_454' title='bbox 1021 2625 1165 2658; x_wconf 78' lang='lat' dir='ltr'>Erwim&#39;</span> <span class='ocrx_word' id='word_1_455' title='bbox 1174 2635 1189 2665; x_wconf 89' lang='lat'><em>;</em></span> <span class='ocrx_word' id='word_1_456' title='bbox 1223 2627 1267 2667; x_wconf 79' lang='lat' dir='ltr'>cf.</span> <span class='ocrx_word' id='word_1_457' title='bbox 1301 2625 1492 2660; x_wconf 81' lang='lat' dir='ltr'>Thietmar.</span> <span class='ocrx_word' id='word_1_458' title='bbox 1517 2624 1550 2668; x_wconf 88' lang='lat' dir='ltr'>I,</span> <span class='ocrx_word' id='word_1_459' title='bbox 1576 2626 1610 2668; x_wconf 87' lang='lat'>5,</span> <span class='ocrx_word' id='word_1_460' title='bbox 1640 2624 1704 2660; x_wconf 80' lang='lat' dir='ltr'>SS.</span> <span class='ocrx_word' id='word_1_461' title='bbox 1729 2635 1762 2658; x_wconf 84' lang='lat' dir='ltr'>r.</span> <span class='ocrx_word' id='word_1_462' title='bbox 1789 2625 1832 2660; x_wconf 79' lang='lat' dir='ltr'>G.</span> 
     </span>
     <span class='ocr_line' id='line_1_51' title="bbox 343 2670 1795 2717; baseline -0.002 -8"><span class='ocrx_word' id='word_1_463' title='bbox 343 2685 382 2717; x_wconf 72' lang='lat' dir='ltr'>p.</span> <span class='ocrx_word' id='word_1_464' title='bbox 408 2675 441 2708; x_wconf 90' lang='lat'>4.</span> <span class='ocrx_word' id='word_1_465' title='bbox 539 2672 575 2716; x_wconf 83' lang='lat'>7)</span> <span class='ocrx_word' id='word_1_466' title='bbox 611 2673 665 2715; x_wconf 79' lang='lat' dir='ltr'>Cf.</span> <span class='ocrx_word' id='word_1_467' title='bbox 691 2672 835 2707; x_wconf 79' lang='lat' dir='ltr'>Sallust.</span> <span class='ocrx_word' id='word_1_468' title='bbox 862 2672 941 2714; x_wconf 72' lang='lat' dir='ltr'>qu.</span> <span class='ocrx_word' id='word_1_469' title='bbox 973 2683 1000 2707; x_wconf 84' lang='lat' dir='ltr'>c.</span> <span class='ocrx_word' id='word_1_470' title='bbox 1023 2673 1061 2707; x_wconf 87' lang='lat'>7:</span> <span class='ocrx_word' id='word_1_471' title='bbox 1097 2673 1176 2705; x_wconf 83' lang='lat' dir='ltr'>erat</span> <span class='ocrx_word' id='word_1_472' title='bbox 1199 2670 1379 2716; x_wconf 85' lang='lat' dir='ltr'>Iugurtha</span> <span class='ocrx_word' id='word_1_473' title='bbox 1402 2682 1512 2705; x_wconf 85' lang='lat' dir='ltr'>manu</span> <span class='ocrx_word' id='word_1_474' title='bbox 1535 2672 1727 2715; x_wconf 85' lang='lat' dir='ltr'>promptus</span> <span class='ocrx_word' id='word_1_475' title='bbox 1753 2697 1761 2706; x_wconf 92' lang='lat'>.</span> <span class='ocrx_word' id='word_1_476' title='bbox 1787 2698 1795 2705; x_wconf 94' lang='lat'><em>.</em></span> 
     </span>
     <span class='ocr_line' id='line_1_52' title="bbox 348 2718 1830 2764; baseline -0.001 -10"><span class='ocrx_word' id='word_1_477' title='bbox 348 2720 493 2764; x_wconf 85' lang='lat' dir='ltr'>inpigro</span> <span class='ocrx_word' id='word_1_478' title='bbox 519 2721 627 2763; x_wconf 82' lang='lat' dir='ltr'>atque</span> <span class='ocrx_word' id='word_1_479' title='bbox 653 2718 726 2753; x_wconf 85' lang='lat' dir='ltr'>acri</span> <span class='ocrx_word' id='word_1_480' title='bbox 751 2718 897 2764; x_wconf 87' lang='lat' dir='ltr'>ingenio</span> <span class='ocrx_word' id='word_1_481' title='bbox 923 2746 931 2754; x_wconf 90' lang='lat'><strong>.</strong></span> <span class='ocrx_word' id='word_1_482' title='bbox 959 2746 966 2754; x_wconf 94' lang='lat'><strong><em>.</em></strong></span> <span class='ocrx_word' id='word_1_483' title='bbox 995 2746 1002 2754; x_wconf 92' lang='lat'>.</span> <span class='ocrx_word' id='word_1_484' title='bbox 1028 2718 1168 2762; x_wconf 88' lang='lat' dir='ltr'>proelio</span> <span class='ocrx_word' id='word_1_485' title='bbox 1193 2721 1370 2755; x_wconf 78' lang='lat' dir='ltr'>strenuus.</span> <span class='ocrx_word' id='word_1_486' title='bbox 1419 2718 1542 2752; x_wconf 69' lang='lat' dir='ltr'>Etiam</span> <span class='ocrx_word' id='word_1_487' title='bbox 1564 2728 1681 2762; x_wconf 77' lang='lat' dir='ltr'>supra</span> <span class='ocrx_word' id='word_1_488' title='bbox 1710 2729 1747 2762; x_wconf 80' lang='lat' dir='ltr'>p.</span> <span class='ocrx_word' id='word_1_489' title='bbox 1774 2719 1830 2761; x_wconf 91' lang='lat'>10,</span> 
     </span>
     <span class='ocr_line' id='line_1_53' title="bbox 349 2764 1833 2811; baseline -0.003 -10"><span class='ocrx_word' id='word_1_490' title='bbox 349 2769 371 2802; x_wconf 80' lang='lat' dir='ltr'>l.</span> <span class='ocrx_word' id='word_1_491' title='bbox 397 2769 454 2803; x_wconf 86' lang='lat'>20.</span> <span class='ocrx_word' id='word_1_492' title='bbox 485 2779 523 2811; x_wconf 82' lang='lat' dir='ltr'>p.</span> <span class='ocrx_word' id='word_1_493' title='bbox 549 2769 607 2809; x_wconf 83' lang='lat'>29,</span> <span class='ocrx_word' id='word_1_494' title='bbox 631 2767 654 2802; x_wconf 80' lang='lat' dir='ltr'>l.</span> <span class='ocrx_word' id='word_1_495' title='bbox 681 2769 713 2802; x_wconf 88' lang='grc'>2.</span> <span class='ocrx_word' id='word_1_496' title='bbox 833 2765 870 2811; x_wconf 89' lang='grc'>8)</span> <span class='ocrx_word' id='word_1_497' title='bbox 901 2765 987 2800; x_wconf 85' lang='lat' dir='ltr'>Inde</span> <span class='ocrx_word' id='word_1_498' title='bbox 1013 2769 1109 2810; x_wconf 78' lang='lat' dir='ltr'>patet</span> <span class='ocrx_word' id='word_1_499' title='bbox 1133 2766 1344 2800; x_wconf 61' lang='lat' dir='ltr'>Ham-icum</span> <span class='ocrx_word' id='word_1_500' title='bbox 1368 2775 1494 2809; x_wconf 63' lang='lat' dir='ltr'>regem,</span> <span class='ocrx_word' id='word_1_501' title='bbox 1519 2774 1597 2798; x_wconf 80' lang='lat' dir='ltr'>cum</span> <span class='ocrx_word' id='word_1_502' title='bbox 1621 2764 1833 2807; x_wconf 74' lang='lat' dir='ltr'>Hathebury</span> 
     </span>
     <span class='ocr_line' id='line_1_54' title="bbox 348 2811 1833 2858; baseline -0.001 -11"><span class='ocrx_word' id='word_1_503' title='bbox 348 2825 497 2848; x_wconf 76' lang='lat' dir='ltr'>uxorem</span> <span class='ocrx_word' id='word_1_504' title='bbox 530 2814 747 2858; x_wconf 78' lang='lat' dir='ltr'>repudiaret,</span> <span class='ocrx_word' id='word_1_505' title='bbox 781 2814 857 2847; x_wconf 74' lang='lat' dir='ltr'>eius</span> <span class='ocrx_word' id='word_1_506' title='bbox 890 2813 981 2847; x_wconf 76' lang='lat' dir='ltr'>bona</span> <span class='ocrx_word' id='word_1_507' title='bbox 1013 2815 1200 2847; x_wconf 74' lang='lat' dir='ltr'>retinuisse</span> <span class='ocrx_word' id='word_1_508' title='bbox 1207 2825 1221 2854; x_wconf 65' lang='lat'>‚¹</span> <span class='ocrx_word' id='word_1_509' title='bbox 1254 2814 1348 2856; x_wconf 80' lang='lat' dir='ltr'>quod</span> <span class='ocrx_word' id='word_1_510' title='bbox 1380 2811 1616 2854; x_wconf 76' lang='lat' dir='ltr'>Wattenbach,</span> <span class='ocrx_word' id='word_1_511' title='bbox 1653 2811 1734 2847; x_wconf 72' lang='lat' dir='ltr'>‘SR</span> <span class='ocrx_word' id='word_1_512' title='bbox 1769 2812 1833 2845; x_wconf 73' lang='lat' dir='ltr'>der</span> 
     </span>
     <span class='ocr_line' id='line_1_55' title="bbox 350 2859 1831 2904; baseline -0.001 -9"><span class='ocrx_word' id='word_1_513' title='bbox 350 2862 513 2895; x_wconf 81' lang='lat' dir='ltr'>Berliner</span> <span class='ocrx_word' id='word_1_514' title='bbox 545 2861 755 2895; x_wconf 74' lang='lat' dir='ltr'>Alcademie’</span> <span class='ocrx_word' id='word_1_515' title='bbox 791 2862 895 2897; x_wconf 85' lang='lat'><strong>1896.</strong></span> <span class='ocrx_word' id='word_1_516' title='bbox 926 2872 966 2904; x_wconf 76' lang='lat' dir='ltr'>p.</span> <span class='ocrx_word' id='word_1_517' title='bbox 995 2861 1082 2904; x_wconf 86' lang='lat'><strong>340,</strong></span> <span class='ocrx_word' id='word_1_518' title='bbox 1118 2871 1153 2894; x_wconf 75' lang='lat' dir='ltr'>n.</span> <span class='ocrx_word' id='word_1_519' title='bbox 1185 2861 1222 2902; x_wconf 90' lang='lat'>1,</span> <span class='ocrx_word' id='word_1_520' title='bbox 1258 2861 1366 2894; x_wconf 79' lang='lat' dir='ltr'><em>nimis</em></span> <span class='ocrx_word' id='word_1_521' title='bbox 1399 2859 1568 2893; x_wconf 71' lang='lat' dir='ltr'>audacter</span> <span class='ocrx_word' id='word_1_522' title='bbox 1599 2860 1831 2902; x_wconf 62' lang='lat' dir='ltr'>impugnavit.</span> 
     </span>
     <span class='ocr_line' id='line_1_56' title="bbox 348 2906 1832 2951; baseline -0.002 -10"><span class='ocrx_word' id='word_1_523' title='bbox 348 2909 446 2941; x_wconf 82' lang='lat' dir='ltr'>Nam</span> <span class='ocrx_word' id='word_1_524' title='bbox 479 2918 546 2951; x_wconf 82' lang='lat' dir='ltr'>quo</span> <span class='ocrx_word' id='word_1_525' title='bbox 581 2910 659 2942; x_wconf 75' lang='lat' dir='ltr'>iure</span> <span class='ocrx_word' id='word_1_526' title='bbox 694 2908 943 2941; x_wconf 74' lang='lat' dir='ltr'>Thammarus</span> <span class='ocrx_word' id='word_1_527' title='bbox 973 2909 1077 2951; x_wconf 77' lang='lat' dir='ltr'>patri</span> <span class='ocrx_word' id='word_1_528' title='bbox 1105 2910 1245 2951; x_wconf 78' lang='lat' dir='ltr'>poterat</span> <span class='ocrx_word' id='word_1_529' title='bbox 1280 2908 1407 2949; x_wconf 73' lang='lat' dir='ltr'>irasci,</span> <span class='ocrx_word' id='word_1_530' title='bbox 1445 2907 1481 2939; x_wconf 77' lang='lat' dir='ltr'>si</span> <span class='ocrx_word' id='word_1_531' title='bbox 1510 2909 1619 2950; x_wconf 79' lang='lat' dir='ltr'>pater</span> <span class='ocrx_word' id='word_1_532' title='bbox 1654 2907 1728 2950; x_wconf 76' lang='lat' dir='ltr'>ipse</span> <span class='ocrx_word' id='word_1_533' title='bbox 1763 2906 1832 2940; x_wconf 74' lang='lat' dir='ltr'>illa</span> 
     </span>
     <span class='ocr_line' id='line_1_57' title="bbox 348 2954 1476 2998; baseline 0 -10"><span class='ocrx_word' id='word_1_534' title='bbox 348 2955 540 2989; x_wconf 77' lang='lat' dir='ltr'>hereditate</span> <span class='ocrx_word' id='word_1_535' title='bbox 558 2956 727 2998; x_wconf 77' lang='lat' dir='ltr'>privatus</span> <span class='ocrx_word' id='word_1_536' title='bbox 751 2956 857 2989; x_wconf 73' lang='lat' dir='ltr'>erat?</span> <span class='ocrx_word' id='word_1_537' title='bbox 952 2956 987 2998; x_wconf 88' lang='lat'>9)</span> <span class='ocrx_word' id='word_1_538' title='bbox 1014 2954 1067 2996; x_wconf 83' lang='lat' dir='ltr'>Cf.</span> <span class='ocrx_word' id='word_1_539' title='bbox 1093 2964 1207 2998; x_wconf 77' lang='lat' dir='ltr'>supra</span> <span class='ocrx_word' id='word_1_540' title='bbox 1235 2965 1274 2997; x_wconf 76' lang='lat' dir='ltr'>p.</span> <span class='ocrx_word' id='word_1_541' title='bbox 1299 2955 1357 2996; x_wconf 85' lang='lat'>34,</span> <span class='ocrx_word' id='word_1_542' title='bbox 1384 2964 1419 2988; x_wconf 79' lang='lat' dir='ltr'>n.</span> <span class='ocrx_word' id='word_1_543' title='bbox 1444 2954 1476 2988; x_wconf 90' lang='lat'>5.</span> 
     </span>
    </p>
   </div>
  </div>
 </body>
</html>
