2034 3380
144 995 179 1020 10

145 1289 179 1315 15

145 1586 180 1611 20

144 1880 179 1905 25

147 2175 182 2201 30

71 2472 73 2474 “
147 2469 183 2495 35

408 326 592 362 RERUM
619 325 904 363 GESTARUM
927 325 1305 363 SAXONIGARUM
1328 326 1426 364 LIB.
1451 325 1485 363 Ι.
1649 328 1697 363 27

202 450 479 492 interfectus
500 452 598 492 est²³²
618 450 765 491 frater
779 448 914 490 Adel-

206 509 347 560 berti;
395 511 555 564 postea
593 508 639 549 in
688 507 914 549 ultionem

204 568 362 610 fratris
399 561 695 610 cuonradusb
733 580 912 621 quoque

205 627 381 669 occisus
417 628 487 668 est
527 625 584 667 ab
616 625 912 676 Adelbert01‚

203 688 316 728 nec⁰
351 685 475 726 ullus
513 698 674 739 regum
714 687 810 726 tam
850 685 915 725 in-

203 757 315 799 gens
346 743 522 786 bellum
555 744 678 785 inter
718 744 915 786 eminen-

202 805 274 845 tes
324 802 445 845 viros
503 799 686 858 potuit(1
741 803 913 844 sedare.

203 861 418 903 Summus
433 864 663 916 postremo
677 862 887 916 pontifex
899 862 915 887 2

202 921 407 962 mittitur
437 922 496 962 ad
527 921 776 962 sedandam
816 922 913 962 tam

202 980 434 1034 ingentem
499 980 794 1030 discordiam;
867 982 915 1022 et

202 1039 433 1094 ingressus
494 1039 728 1081 civitatem
780 1039 915 1081 Adel-

203 1098 324 1140 berti
355 1098 439 1140 sub
478 1098 777 1140 iureiurando
817 1112 914 1153 spo-

204 1157 394 1212 pondit⁰
431 1159 514 1198 aut
545 1157 587 1199 ei
618 1170 776 1212 pacem
809 1171 913 1199 eum

202 1227 310 1270 rege
346 1216 581 1258 facturum
622 1218 704 1257 aut
742 1216 914 1257 incolu-

204 1288 323 1317 mem
383 1274 485 1317 loco
536 1288 619 1317 suo
675 1275 913 1317 restitutu-

202 1329 353 1375 rumf.
426 1333 512 1375 His
543 1334 692 1389 pactis
729 1347 913 1376 eonsen-

203 1393 324 1435 tiens
351 1392 644 1444 Adelbertus,
677 1393 786 1435 fidei
816 1406 913 1447 gra-

202 1452 272 1495 tia
302 1454 350 1495 et
386 1452 616 1495 amicitiae
656 1453 779 1507 quod
819 1452 914 1507 dig-

204 1514 393 1554 naretur
414 1511 588 1566 aliquid
620 1514 819 1566 gustare,
846 1525 913 1553 ro-

205 1571 346 1625 gavit.
417 1570 518 1622 Quo
563 1572 765 1625 negante
804 1570 913 1613 ilico

206 1643 412 1684 egressus
443 1631 514 1671 est
545 1629 719 1672 urbem.
783 1629 914 1672 Oum-

205 1700 293 1743 qne
315 1688 639 1744 pertransisset
663 1688 915 1743 oppidum3
941 1701 947 1725 ε

205 1761 309 1789 cum
340 1747 466 1789 omni
496 1748 734 1796 comitatu,
764 1748 915 1790 fertur
937 1749 941 1757 “

205 1806 475 1849 clamassessz
517 1806 681 1857 ‘Proh',
714 1802 910 1861 inquith‚

206 1865 401 1920 ‘saepius
445 1866 584 1921 petit,
632 1866 711 1920 qui
756 1865 914 1907 oblata

204 1925 400 1980 spernit;
440 1925 600 1967 taedet
630 1938 703 1967 me
742 1925 914 1980 longio-

204 1984 268 2025 ris
291 1984 392 2025 viae
422 1984 727 2039 tardiorisque
759 1985 912 2026 horae.

205 2042 326 2084 Nam
370 2043 515 2085 ieiuni
552 2045 654 2084 tota
700 2043 774 2085 die
819 2057 914 2084 non

206 2114 445 2156 possumus
478 2101 744 2143 ambulare’.
805 2101 914 2144 Lae-

205 2163 282 2202 tus
313 2160 591 2203 Adelbertus
630 2156 905 2202 inclinaturi

206 2220 266 2261 ad
296 2232 449 2274 genua
487 2219 718 2275 pontificis
759 2221 819 2269 et,
861 2222 915 2261 ut

206 2278 426 2334 gustandi
464 2279 615 2334 gratia
659 2279 709 2320 in
753 2279 915 2321 urbem

205 2341 524 2389 reverteretur,
543 2338 763 2393 deposcit.
800 2338 915 2379 Pon-

205 2397 323 2439 tifex
383 2397 432 2438 in
486 2397 647 2439 urbem
707 2410 915 2439 reversus

207 2469 311 2497 eum
341 2456 595 2498 Adelberto
627 2456 852 2498 liberatur
888 2471 917 2498 a.

207 2514 309 2570 lege
368 2515 638 2566 iuramenti,
706 2517 761 2557 ut
827 2515 916 2557 sibi

206 2654 236 2684 a)
260 2656 316 2686 est,
343 2654 363 2679 f.
389 2652 546 2679 Adalberti
570 2661 601 2685 p.
622 2654 724 2682 Falke.
832 2654 864 2685 b)
890 2655 932 2679 sic
955 2655 1027 2688 1313
1053 2654 1184 2683 Cum-ad.
1206 2656 1278 2688 1323
1304 2653 1469 2683 chuonrad.
1493 2655 1577 2682 Frut.
1599 2655 1700 2683 Falke.

207 2688 235 2722 c)
253 2696 291 2714 ne
309 2689 371 2716 Bl.
443 2688 474 2721 d)
486 2687 593 2715 sedare
606 2689 703 2721 potuit
715 2689 815 2716 Falke.
887 2692 916 2721 e)
933 2691 975 2715 εἰσ
992 2691 1054 2719 Bl.
1074 2692 1101 2716 2.
1171 2691 1195 2722 f)
1213 2692 1254 2716 sic
1272 2691 1334 2719 Bi.
1353 2691 1452 2722 Frut.,·
1470 2691 1699 2717 constituturum

208 2724 233 2749 B
245 2725 270 2752 2.
341 2724 372 2757 g)
389 2725 431 2750 εἰσ
447 2725 474 2750 B
487 2726 512 2752 1.
530 2725 632 2754 Frut.,·
650 2725 848 2757 proclamasse
866 2725 928 2753 ΒΞ.
1001 2726 1033 2758 h)
1055 2727 1190 2758 inquiens
1208 2727 1292 2754 Frut.
1365 2726 1387 2758 i)
1405 2726 1563 2752 inclinauit
1579 2733 1612 2752 se
1630 2727 1697 2760 BQ

206 2758 246 2785 ad
263 2766 362 2792 genua
380 2764 462 2793 pont.
480 2767 514 2786 ee
532 2760 610 2786 letus
628 2760 785 2786 inclinauit
802 2761 886 2788 Fmat,

209 2875 245 2917 1)
274 2876 329 2918 ΟΥ.
353 2877 600 2922 Mahlbachor,
624 2879 709 2922 Req.
734 2879 827 2923 Imp.
854 2878 885 2921 I,
910 2889 968 2914 nr.
997 2879 1088 2914 1976
1099 2879 1130 2914 b.
1236 2880 1274 2923 2)
1303 2880 1334 2915 Ι.
1359 2890 1387 2916 e.
1413 2880 1700 2925 archiepiscopus

207 2921 453 2966 Moyuntinus.
509 2926 638 2970 Kffpke
666 2937 705 2969 p.
732 2927 813 2962 169.
958 2926 995 2972 3)
1031 2926 1088 2968 Cf.
1121 2936 1239 2970 supra
1265 2938 1305 2970 p.
1334 2928 1390 2971 14,
1425 2938 1461 2963 n.
1489 2929 1507 2963 1
1521 2938 1536 2968 ,·
1573 2928 1696 2972 Περεῖ,
1715 2950 1725 2969 ,-

208 2969 265 3005 ‘N.
290 2971 438 3004 Archiv’
464 2972 615 3014 XVIII,
645 2985 682 3018 p.
709 2975 790 3009 216.

1724 613 1805 648 906.

1724 659 1823 690 (Febr.
1832 659 1890 691 27).
