2034 3380
262 480 340 514 940.

262 971 341 1005 941.

211 1450 284 1483 Apr.
300 1450 341 1477 18.

355 358 400 391 78
955 352 1188 388 WIDUKIN
1191 352 1245 388 DI

495 474 674 514 XXX.a
721 473 786 514 Eo
811 469 1042 528 temporeb
1070 474 1269 516 bellumc
1299 474 1595 515 barbarorum
1616 474 1837 516 fervebat.

355 533 415 573 Et
456 546 559 573 cum
596 532 766 573 milites
808 532 866 573 ad
908 546 1092 573 manum
1125 532 1318 574 Geronis
1361 532 1552 586 presidis
1593 533 1839 588 conscripti

355 591 514 633 crebra
545 591 835 645 expeditione
867 592 1220 633 attenuarentur
1251 594 1298 633 et
1330 590 1584 632 donativis1
1605 591 1678 633 vel
1698 591 1840 632 tribu-

353 650 482 691 tariis
515 650 699 704 premiis
731 650 880 690 minus
920 650 1127 691 adiuvari
1167 652 1364 704 possent,
1408 663 1460 691 eo
1502 650 1624 703 quod
1663 649 1840 691 tributa

354 709 521 762 passim
543 711 833 762 negarentur,
857 708 1073 749 seditioso
1095 709 1199 749 odio
1220 709 1270 749 in
1292 707 1518 750 Geronem
1541 710 1838 750 exacuuntur.
1865 723 1882 749 5

353 767 450 808 Rex
490 781 595 808 vero
637 767 693 808 ad
737 780 998 808 communes
1039 766 1266 808 utilitates
1306 767 1372 808 rei
1416 767 1628 821 publicae
1669 765 1839 808 Geroni

354 839 532 880 semper
561 826 691 866 iuxta
723 827 834 866 erat.
883 825 1016 866 Unde
1044 825 1222 866 factum
1245 827 1326 875 est,
1349 827 1402 866 ut
1423 826 1558 866 nimis
1580 825 1840 867 exacerbati

354 884 460 925 odia
491 898 573 925 sua
603 885 652 924 in
683 884 833 937 ipsum
865 897 1043 937 quoque
1075 896 1227 937 regem
1260 884 1517 925 vertissent.

496 965 672 1006 XXXI.
735 964 862 1016 Quae
914 961 1078 1006 causad
1130 965 1399 1006 Heinricum
1450 965 1636 1006 minime
1686 965 1838 1006 latuit.

355 1025 415 1064 Et
445 1026 499 1064 ut
531 1024 659 1073 solet,
694 1024 884 1064 amarise
914 1023 1106 1064 animis²
1134 1023 1241 1064 dum
1272 1023 1406 1064 dulce
1439 1023 1613 1076 aliquid
1635 1023 1839 1074 offertur,
1868 1039 1901 1064 ιο

353 1078 520 1124 faciles
546 1082 850 1136 persuadebat
876 1081 1191 1123 huiuscemodi
1213 1081 1420 1123 homines
1442 1077 1529 1122 sibi
1552 1081 1838 1132 concordare,

355 1154 480 1195 spem
522 1141 695 1182 habens
734 1140 903 1182 iterum
944 1140 1180 1194 regnandi,
1223 1140 1333 1181 dum
1373 1143 1557 1182 nossetg
1592 1140 1842 1182 exercitum

353 1200 451 1254 regi
483 1199 721 1241 offensum.
787 1199 994 1252 Denique
1026 1198 1183 1239 multis
1224 1198 1637 1240 intercurrentibus
1676 1198 1841 1252 legatis

355 1260 402 1300 et
442 1258 724 1299 munusculis
764 1257 959 1299 invicem
1006 1258 1154 1298 missis
1195 1271 1351 1299 omnes
1392 1271 1507 1312 pene
1547 1257 1839 1299 orientalium

354 1316 586 1371 partium3
616 1316 785 1358 milites
826 1316 914 1357 sibi
954 1315 1203 1370 colligavit.
1278 1314 1405 1367 Quae
1447 1329 1518 1358 res
1559 1316 1617 1357 ad
1655 1317 1839 1356 tantum
1866 1329 1900 1355 15

354 1376 484 1416 nefas
517 1375 748 1429 processit,
782 1377 834 1415 ut
867 1375 1181 1416 coniuratione
1216 1374 1365 1416 valida
1392 1375 1530 1424 facta,
1563 1375 1613 1415 in
1634 1374 1839 1429 paschali

353 1434 622 1484 festivitate,
655 1447 770 1487 quae
803 1435 900 1474 erat
931 1433 1148 1488 proxima,
1191 1447 1293 1475 cum
1333 1434 1430 1487 ipse
1462 1433 1708 1475 Heinricus
1749 1428 1835 1474 adh

354 1492 608 1548 palatium4
639 1487 854 1540 adisseti,
887 1505 1041 1546 regem
1073 1492 1279 1533 occidere
1312 1492 1602 1545 cogitassent,
1625 1491 1714 1546 ipsi
1733 1504 1840 1533 vero

354 1551 485 1604 regni
531 1551 742 1592 diadema
787 1546 1107 1604 inponerentk.
1179 1550 1348 1591 Earum
1394 1564 1542 1592 rerum
1592 1551 1702 1591 dum
1747 1563 1841 1591 non

355 1612 473 1651 esset
520 1609 732 1663 publicus
778 1609 997 1663 proditor,
1045 1622 1222 1663 semper
1262 1622 1309 1650 se
1355 1610 1624 1663 protegente
1665 1622 1841 1650 summa
1865 1622 1900 1648 20

356 1668 610 1717 divinitate,
638 1669 774 1708 notae
795 1667 948 1709 factae
974 1669 1081 1708 sunt
1105 1668 1204 1721 regi
1228 1667 1452 1708 insidiae5
1476 1667 1706 1709 modicum
1732 1669 1839 1709 ante

355 1727 538 1780 pascha.
607 1725 696 1777 Qui
737 1721 965 1767 fideliuml
1016 1726 1215 1767 militum
1255 1726 1453 1767 vallatus
1493 1739 1633 1767 manu
1674 1725 1747 1767 die
1787 1739 1858 1767 ac·

353 1787 502 1835 nocte,
536 1785 768 1838 nichilque
801 1785 976 1826 decoris
1010 1785 1079 1826 vel
1115 1785 1368 1826 maiestatis
1399 1784 1552 1838 regiae
1585 1798 1736 1826 coram
1767 1797 1841 1839 po-

354 1844 463 1898 pulo
496 1857 548 1885 ea
580 1843 920 1898 sollempnitate
953 1843 1175 1893 minuens,
1214 1843 1407 1884 nimium
1438 1843 1648 1884 hostibus
1678 1842 1840 1884 intulit

354 1903 578 1944 timorem.
640 1902 751 1943 Post
782 1902 903 1943 diem
934 1915 1040 1943 vero
1077 1902 1374 1956 sollempnem
1416 1901 1606 1943 consilio
1646 1901 1840 1943 maxime
1866 1914 1901 1940 25

355 1961 647 2010 Francorum,
675 1961 754 2014 qui
776 1974 828 2002 eo
849 1963 1089 2015 temporem
1111 1961 1198 2002 sibi
1219 1960 1511 2010 adstabant¹¹‚
1535 1960 1834 2001 Herimanni⁰

355 2019 542 2070 scilicet,
573 2019 773 2060 Udonisl'
805 2021 942 2073 atque
970 2018 1230 2060 Cuonradiq
1260 2019 1339 2073 qui
1371 2019 1521 2060 dictus
1553 2021 1622 2060 est
1647 2018 1797 2059 Rufus
1810 2018 1838 2068 ⁶,

355 2081 527 2119 secrete
573 2078 777 2132 proditos
823 2078 953 2119 iubet
1005 2077 1330 2132 comprehendi
1380 2077 1454 2119 vel
1505 2079 1627 2119 certe
1679 2077 1839 2119 occidi.

355 2137 485 2178 Inter
511 2150 623 2190 quos
650 2139 748 2178 erat
779 2137 953 2191 primus
983 2136 1033 2176 in
1065 2137 1256 2178 caeteris
1281 2136 1483 2177 omnium
1510 2136 1732 2178 bonarum
1757 2135 1840 2177 vir-

353 2197 508 2235 tutum
554 2195 691 2236 rebus
738 2195 908 2249 absque
949 2195 1035 2236 hac
1075 2209 1194 2236 noxa
1233 2195 1510 2236 fortissimus
1550 2195 1840 2248 optimusque
1865 2207 1900 2233 80

354 2254 539 2295 Eriehr.
593 2253 682 2295 Hic
716 2267 818 2295 cum
851 2256 1049 2295 armatos
1082 2255 1139 2295 ad
1166 2267 1213 2295 se
1239 2266 1502 2308 properasse
1523 2252 1836 2303 intellexisset,

354 2380 382 2410 a)
407 2385 470 2409 cap,
489 2378 576 2405 XXX.
595 2379 625 2402 in
644 2379 737 2402 verbis
756 2378 796 2403 Et
815 2385 880 2403 cum
900 2378 1007 2403 milites
1033 2378 1132 2410 incipit
1150 2379 1181 2405 C.
1263 2378 1294 2410 b)
1320 2382 1450 2410 tempere
1469 2378 1532 2402 Β1.
1614 2376 1642 2410 c)
1665 2377 1706 2402 εἰσ
1724 2377 1760 2405 Δ,
1778 2377 1839 2405 132.

354 2414 453 2443 δια-ο,-
477 2413 586 2438 benum
606 2413 765 2438 barbarum
785 2414 851 2445 1313
878 2413 1071 2438 barbarorum
1096 2413 1205 2438 bellum
1225 2414 1255 2440 C.
1342 2413 1371 2443 d)
1391 2419 1448 2444 que
1469 2419 1555 2438 cause
1582 2412 1746 2438 heinricum
1769 2419 1840 2438 nou

354 2449 467 2474 latuere
480 2449 506 2473 B
517 2450 541 2475 1.
550 2448 670 2480 (Saxo),
724 2450 751 2478 e)
764 2448 839 2473 solet
851 2448 941 2473 armis
955 2447 1025 2473 dum
1038 2448 1146 2473 amaris
1160 2448 1265 2474 animis
1275 2449 1301 2473 A
1308 2457 1319 2479 ,·
1333 2447 1401 2473 dum
1415 2448 1523 2473 amaris
1537 2448 1641 2472 animis
1652 2447 1737 2472 dche
1747 2448 1838 2476 Saxo.

354 2483 377 2516 f)
396 2482 596 2515 persuadebat
615 2483 701 2508 facile
721 2483 783 2508 132.
857 2485 888 2515 g)
907 2486 1029 2508 nossent
1047 2484 1108 2510 Β1.
1179 2484 1208 2514 h)
1228 2484 1266 2508 ad
1286 2491 1341 2510 om.
1360 2484 1421 2510 Β1.
1442 2484 1531 2510 Saxo.
1597 2483 1619 2513 i)
1637 2483 1678 2508 εἰσ
1697 2485 1722 2507 et
1741 2483 1840 2514 Saxo5
1864 2483 1899 2510 35

354 2519 477 2551 adijsset
495 2519 562 2551 1325
589 2519 658 2543 isset
677 2519 713 2546 A.
790 2518 821 2548 k)
845 2518 997 2549 imponere
1016 2519 1076 2545 Β1.
1096 2519 1186 2545 Saxo.
1267 2519 1288 2549 l)
1314 2519 1396 2545 milit.
1416 2518 1494 2545 fidel.
1512 2518 1574 2543 Β1.
1654 2517 1694 2550 m)
1713 2518 1840 2543 maxime

356 2555 423 2580 add.
442 2554 505 2581 132.
587 2553 618 2586 n)
639 2554 778 2579 astabant
798 2554 833 2579 A.
853 2554 914 2581 132.
933 2554 1021 2580 Saoeo.
1103 2556 1131 2585 o)
1150 2554 1305 2579 hermanni
1324 2554 1366 2584 A,·
1386 2553 1558 2578 heremanni
1577 2553 1676 2583 Sil-‘⁶05
1693 2553 1840 2578 heriman-

354 2596 422 2615 nus
441 2589 471 2616 O.
545 2590 576 2620 p)
595 2589 692 2614 utonis
714 2589 803 2615 Saxo.
876 2589 906 2621 q)
926 2587 1048 2614 conradi
1067 2590 1103 2616 Α.
1120 2589 1149 2616 C.
1169 2589 1248 2614 Saxo
1255 2598 1266 2620 ,·
1285 2588 1454 2614 chuonradi
1473 2589 1534 2616 132.
1605 2588 1632 2621 r)
1650 2588 1726 2613 Erik
1743 2588 1804 2615 132.

357 2694 391 2739 1)
425 2694 536 2736 Infra
560 2694 636 2736 HI,
663 2695 720 2729 55.
755 2693 967 2727 donativum
1001 2694 1042 2727 de
1076 2694 1234 2736 beneficio
1262 2695 1308 2730 20
1342 2704 1532 2727 mansuum
1564 2694 1717 2735 elicitum
1753 2692 1842 2726 alibi

354 2751 434 2774 vero
457 2743 563 2774 etiam
587 2741 628 2774 de
653 2743 806 2783 pecunia
830 2742 945 2775 soluta
969 2745 1181 2784 usam-pamm
1233 2741 1287 2783 Cf.
1314 2741 1441 2783 Kupke
1465 2751 1504 2783 p.
1524 2741 1590 2776 151
1608 2750 1679 2783 sq.;
1710 2739 1837 2782 Waitz,
1863 2746 1899 2771 40

356 2788 462 2822 ‘VGJ
490 2788 601 2831 VIII,
622 2799 662 2830 p.
682 2789 761 2829 163,
786 2799 821 2822 n.
840 2789 873 2823 2.
970 2788 1006 2833 2)
1035 2791 1065 2823 1.
1084 2788 1169 2830 Rey.
1190 2790 1222 2830 1,
1243 2790 1298 2823 10.
1327 2789 1385 2830 22,
1410 2789 1443 2822 2.
1469 2790 1499 2819 et
1523 2787 1690 2829 saepius:
1714 2796 1838 2819 amaro

356 2834 487 2869 animo.
601 2834 636 2879 3)
671 2835 770 2867 Idem
804 2836 989 2878 intelleyit,
1025 2836 1116 2878 quod
1150 2835 1241 2868 alibi
1272 2834 1447 2868 orientem
1479 2833 1572 2867 dicit.
1680 2832 1716 2877 4)
1753 2832 1838 2868 Scit.

358 2881 608 2923 Quedlinbmy.
706 2881 742 2926 5)
765 2882 841 2917 Act.
867 2884 899 2924 9,
918 2883 986 2917 24:
1012 2881 1131 2916 Notae
1156 2883 1277 2915 autem
1299 2880 1416 2914 factae
1442 2882 1524 2913 sunt
1549 2878 1660 2914 Saulo
1686 2878 1838 2913 insidiae

356 2938 492 2962 eorum.
590 2927 626 2972 6)
648 2928 834 2961 Conradus
857 2929 1058 2962 Werinheri
1079 2929 1185 2970 filius,
1206 2931 1287 2970 post
1310 2937 1416 2970 yener
1439 2928 1534 2969 reyis
1558 2931 1588 2959 et
1611 2927 1688 2960 dux
1705 2926 1838 2960 Lotha-

355 2975 505 3017 ringula,
531 2974 711 3007 habendus
736 2978 804 3017 e3t;
837 2977 880 3017 cf.
907 2975 1092 3018 Kffpke-p.
1112 2977 1190 3010 124.
1860 2982 1896 3008 4⁶
