2034 3380
364 326 410 360 90
961 324 1252 361 WIDUKINDI

271 450 350 484 946.
365 458 392 485 a
413 444 512 486 Deo
544 445 674 486 nobis
696 447 917 496 ostensus,
944 449 1064 488 nona

365 516 604 545 concessus
619 503 646 544 1.
724 504 876 546 Huius
927 505 1069 560 patris

365 557 502 603 avusb
535 561 690 604 Βονό2
722 562 918 605 Graecas
951 564 1070 605 litte-

363 634 436 662 ras
474 634 624 662 coram
658 621 926 664 Cuonradoc
964 636 1070 677 rege

364 679 559 734 legendo
587 680 739 722 factus
768 683 837 722 est
869 681 1068 730 clarus3;
1874 698 1892 724 ⁵

365 740 411 779 et
463 739 569 780 huic
621 739 824 781 eiusdem
874 740 1071 782 nominis

364 810 475 838 avus
511 799 622 848 erat,
664 800 717 839 ut
757 800 872 840 natu
912 799 1069 849 maior,

364 852 516 896 omni(¹
552 856 723 898 virtute
761 870 813 898 ac
845 858 1072 912 sapientia

364 914 528 969 potior.
582 914 672 956 Sed
703 917 750 956 et
779 915 903 969 ipsee
932 929 1071 970 nepos

365 975 463 1014 erat
496 973 686 1022 Warini,
729 974 808 1027 qui
839 988 893 1016 ex
926 974 1071 1016 milite
1877 992 1912 1017 ιο

364 1032 516 1072 factus
579 1034 647 1073 est
714 1033 964 1074 monachus
1026 1035 1072 1075 et

365 1090 538 1144 primus
579 1091 783 1132 omnium
825 1092 947 1146 apud
985 1091 1071 1133 No-

364 1162 468 1190 vam
500 1145 769 1191 Corbeiamf
798 1150 1073 1205 regulariter

365 1207 539 1249 electus
601 1210 700 1250 estg
764 1209 813 1250 in
879 1212 1069 1263 patrem.

366 1265 456 1317 Qui
487 1280 590 1308 cum
623 1269 741 1309 esset
778 1268 1071 1310 admirandae
1877 1283 1911 1309 1⁶

364 1325 637 1376 sanctitatis,
682 1326 739 1367 ad
773 1329 1071 1380 augmentum

364 1383 586 1424 virtutum
613 1397 798 1425 suarum
821 1385 1071 1439 beataeque

365 1443 608 1484 memoriae
641 1443 863 1485 Saxoniae
905 1444 1071 1498 precio-

364 1514 462 1541 sum
497 1501 657 1542 attulit
689 1502 968 1552 thesaurum,
1007 1516 1070 1544 re-

364 1559 529 1613 liquias
596 1560 812 1602 videlicet
879 1561 1072 1615 preciosi
1875 1577 1912 1602 20

364 1619 576 1673 martyris
607 1618 718 1660 Viti.

364 1677 590 1719 Dimissus
621 1678 765 1732 igitur
786 1673 1153 1720 Hluthowicush·
1166 1678 1184 1703 4
1215 1678 1312 1734 regi
1333 1678 1531 1720 occurrit
1552 1678 1850 1732 iungiturque

365 1749 468 1777 cum
501 1736 633 1777 sociis
666 1732 909 1779 exercituii
947 1737 1087 1778 illius.

507 1795 599 1835 III.
661 1795 758 1837 Rex
799 1798 954 1837 autem
996 1809 1098 1837 cum
1141 1796 1343 1838 exercitu
1385 1791 1692 1850 Lugdunumk
1734 1794 1849 1836 adiit

366 1867 554 1907 eamque
587 1854 724 1895 armis
755 1854 1022 1909 temptavit;
1056 1855 1164 1896 inde
1191 1850 1438 1896 Parisium¹
1470 1854 1669 1909 perrexit
1695 1853 1848 1908 Hugo-
1875 1869 1910 1895 25

363 1925 558 1966 nemque
589 1912 655 1953 ibi
685 1913 877 1963 obsedit,
917 1913 1180 1955 memoriam
1212 1916 1433 1967 quoquem
1466 1912 1702 1968 Dyonisiin
1738 1926 1849 1953 mar-

364 1971 478 2024 tyris
511 1971 649 2025 digne
681 1971 911 2012 honorans
942 1974 1185 2013 veneratus
1218 1973 1299 2013 est.
1363 1971 1542 2013 Ductus
1582 1971 1690 2013 inde
1731 1983 1849 2013 exer-

244 2043 353 2075 (sept.)
365 2029 483 2071 citus
516 2031 676 2071 contra
706 2030 867 2071 urbem
887 2030 1170 2080 Remensem,
1204 2030 1285 2072 ubi
1316 2032 1415 2072 erat
1445 2043 1586 2084 nepos
1609 2028 1851 2085 Hugonis5

365 2090 525 2129 contra
564 2089 635 2130 ius
672 2088 833 2143 fasque
866 2089 1029 2131 omne6
1060 2089 1334 2144 subrogatus
1366 2089 1605 2144 episcopus
1641 2088 1849 2143 legitimo

364 2192 393 2221 a)
417 2189 469 2216 sed
488 2198 546 2216 non
564 2190 655 2216 Fazke
674 2199 707 2223 p.
726 2191 787 2219 307.
859 2190 889 2223 b)
909 2191 1004 2217 Huius
1024 2194 1110 2223 pater
1128 2191 1229 2219 Falke.
1306 2190 1333 2223 c)
1355 2183 1484 2217 conrado
1503 2191 1571 2223 1313
1592 2188 1770 2217 chuonrado
1787 2190 1852 2218 BS.
1874 2190 1910 2216 80

363 2226 470 2257 Falke;
490 2225 619 2251 conrado
638 2227 727 2254 Saxo.
799 2225 830 2259 d)
849 2227 890 2251 sic
909 2228 989 2252 omni
1007 2227 1106 2254 Falke.
1186 2227 1214 2259 e)
1233 2227 1289 2252 iste
1308 2227 1369 2254 131.
1388 2227 1478 2253 Saxo.
1552 2226 1575 2258 f)
1594 2226 1771 2252 Cher-belam
1788 2225 1850 2253 ΒΞ.

363 2261 393 2293 g)
418 2264 462 2286 est
488 2269 544 2287 om.
563 2261 663 2289 Falke.
741 2261 773 2294 h)
797 2260 960 2287 ludewicus
979 2263 1016 2287 A.
1035 2262 1135 2293 Frut.;
1159 2261 1323 2287 ludowicus
1342 2262 1369 2286 B
1381 2263 1406 2288 1.
1425 2261 1534 2292 swam
1559 2261 1760 2286 Lothouuicus
1781 2260 1847 2293 825

363 2297 530 2321 luthuuicus
556 2297 594 2327 C,·
619 2295 764 2327 lodwigus
791 2297 880 2322 Saxo.
966 2297 987 2329 i)
1013 2298 1161 2322 exereitus
1187 2297 1218 2324 0.
1303 2296 1335 2329 k)
1363 2295 1524 2322 lucdunum
1548 2297 1571 2322 0
1594 2298 1620 2321 et
1644 2297 1686 2320 ita
1711 2296 1848 2327 deineaepe.

363 2331 384 2361 l)
408 2332 449 2355 sic
473 2332 508 2356 A.
528 2331 590 2358 Bl.
608 2332 634 2358 2.
652 2332 681 2358 C.
702 2332 787 2359 Saxo.
877 2331 917 2364 m)
942 2332 1037 2357 sancti
1063 2332 1132 2357 add.
1151 2332 1232 2356 Saaeo
1257 2334 1282 2356 et
1306 2338 1360 2357 sec.
1384 2338 1472 2356 manu
1491 2332 1520 2358 C.
1610 2332 1642 2362 n)
1666 2331 1707 2356 εἰσ
1730 2331 1790 2359 Bl.
1811 2331 1848 2362 0,·

364 2366 483 2391 dionisii
501 2366 536 2394 A.
556 2366 652 2397 Saxm
671 2366 808 2399 Dionysii
828 2367 887 2393 B2.
925 2367 968 2397 Cf.
987 2374 1078 2398 supra
1097 2375 1130 2398 p.
1146 2367 1191 2398 39,
1211 2374 1239 2394 n.
1254 2374 1292 2394 m.
1875 2365 1910 2392 35

365 2436 400 2479 1)
440 2436 493 2478 Cf.
528 2447 642 2480 supra
670 2447 709 2479 p.
736 2438 792 2479 29,
829 2437 850 2471 l.
878 2438 918 2472 9:
953 2435 1073 2470 virum
1105 2435 1211 2470 nobis
1244 2434 1391 2480 proprie
1426 2447 1447 2469 a
1480 2446 1622 2470 summa
1655 2435 1850 2471 clementia

364 2493 591 2527 concessum3
616 2494 655 2526 p.
676 2485 732 2525 51,
760 2483 781 2518 l.
806 2485 850 2519 16
866 2494 940 2527 sq..·
965 2494 986 2517 a
1010 2483 1086 2517 solo
1111 2482 1189 2517 Deo
1215 2493 1436 2518 concessum.
1485 2483 1580 2517 Bovo
1606 2483 1680 2519 III.
1704 2484 1852 2517 nonnisi

363 2540 425 2564 sea:
448 2540 562 2563 annos
586 2531 798 2564 monasterio
818 2531 984 2573 praefuit
1009 2541 1042 2565 a.
1062 2531 1260 2566 942—948.
1357 2531 1393 2571 2)
1416 2530 1508 2564 Bovo
1524 2530 1577 2573 II,
1601 2533 1640 2564 ut
1661 2541 1706 2564 ex
1722 2531 1849 2564 Anna-

366 2578 457 2610 libus
493 2577 591 2615 Corb.
622 2581 729 2622 patet,
763 2577 870 2610 abbas
903 2588 936 2612 a.
963 2578 1170 2620 900—9163
1208 2577 1396 2611 Conradus
1428 2588 1495 2611 rex
1527 2587 1607 2611 vero
1639 2587 1735 2611 anno
1767 2579 1847 2613 913.

321 2667 324 2670 ”
365 2624 465 2666 (DD.
488 2625 519 2667 I,
540 2635 579 2667 p.
599 2626 662 2668 14;
688 2624 882 2667 Dumeler,
907 2623 1034 2666 ‘Ostfr.
1052 2624 1170 2658 Reich’
1188 2624 1261 2667 HI,
1281 2635 1320 2668 p.
1338 2625 1419 2667 585,
1442 2635 1477 2659 n.
1497 2625 1534 2664 1)
1561 2624 1742 2657 corbeiam
1765 2625 1849 2657 visi-
1872 2630 1909 2656 ιο

364 2673 477 2711 tavit,·
515 2672 608 2705 Bovo
641 2672 671 2707 Ι.
710 2682 743 2710 α.
777 2672 977 2713 879-890,
1014 2671 1188 2705 Warinus
1224 2682 1259 2707 a.
1292 2672 1492 2707 826-856.
1529 2670 1710 2704 abbatiam
1740 2671 1846 2706 rexit.

364 2718 402 2762 3)
429 2717 546 2752 factus
572 2720 626 2752 est
650 2718 767 2752 clarus
791 2720 866 2752 iam
889 2729 1003 2763 supra
1023 2730 1062 2762 p.
1081 2719 1137 2758 66,
1164 2719 1186 2754 l.
1204 2719 1237 2754 8.
1258 2729 1298 2762 p.
1319 2719 1378 2760 80,
1401 2718 1424 2752 l.
1443 2719 1485 2761 ὃς
1509 2717 1556 2759 of.
1582 2717 1687 2758 infra
1706 2727 1745 2759 p.
1766 2718 1845 2760 123,

367 2765 388 2799 Ζ.
407 2766 463 2800 21.
540 2764 577 2810 4)
592 2766 675 2798 Iam
692 2769 773 2799 ante
787 2765 922 2800 Ottom's
939 2775 1113 2799 accessum
1126 2765 1356 2799 Ludowioum
1370 2775 1388 2798 e
1403 2763 1561 2797 custodia
1576 2763 1762 2797 dimissum
1779 2774 1849 2798 ⁶⁸oe

365 2815 515 2855 apparet
535 2823 579 2846 ex
595 2813 735 2848 tabulis.
774 2813 829 2854 Of.
848 2813 1046 2856 Dic‘mmler,
1065 2811 1157 2846 ‘Otto
1172 2813 1206 2847 d.
1223 2811 1300 2846 Gr!
1311 2822 1351 2855 p.
1367 2811 1446 2852 150,
1467 2821 1503 2846 n.
1521 2811 1563 2854 23
1588 2809 1672 2853 Rey.
1690 2810 1782 2854 Imp.
1795 2810 1847 2854 II,

365 2869 421 2893 nr.
450 2860 576 2900 139a;
609 2860 732 2893 Lauer
756 2871 792 2904 p.
821 2861 900 2902 145,
931 2870 965 2894 n.
993 2861 1024 2895 2.
1138 2859 1174 2901 5)
1199 2858 1318 2902 Huyo,
1348 2856 1531 2892 Heribmi
1559 2857 1848 2892 Viromandmsnzs
1871 2865 1907 2892 45

365 2904 475 2946 filius,
499 2906 545 2946 cf.
571 2916 684 2950 supra
708 2906 740 2948 I,
765 2908 823 2942 39.
937 2906 973 2951 6)
1001 2906 1056 2948 Cf.
1081 2916 1196 2949 supra
1220 2917 1256 2949 p.
1283 2906 1340 2947 50,
1371 2904 1392 2939 l.
1420 2905 1460 2939 9:
1492 2906 1618 2938 contra
1643 2903 1697 2938 ius
1722 2903 1848 2948 fasque

366 2960 474 2985 omne
498 2961 563 2985 rex
588 2952 814 2996 constitutus,
839 2953 1058 2996 eiusdemque
1080 2963 1116 2988 n.
1138 2953 1171 2988 5.
