2034 3380
385 311 519 347 XXVI
977 309 1283 348 PRAEFATIO.

530 430 769 484 Siyebertus
806 431 1117 475 Gemblacensis
1147 432 1258 474 inter
1288 432 1420 474 multa
1451 431 1542 474 alia
1582 446 1708 485 opera
1747 432 1874 475 etiwm

395 490 455 532 W
451 489 651 532 iduhindi
697 490 820 532 libris
864 504 967 534 usus
1012 495 1071 533 est
1084 491 1110 544 1,
1155 492 1229 534 sed
1267 490 1381 533 brevi
1420 490 1667 533 narrationi
1705 492 1875 534 studens

386 562 615 591 sermonem
653 548 804 603 ubique
843 550 933 602 fere
971 550 1164 603 mutavit,
1206 554 1252 592 ut
1291 564 1393 592 raro
1434 549 1590 592 codicis
1629 551 1681 592 ab
1717 564 1764 592 eo
1803 551 1875 592 ad-

386 606 510 650 hibiti
540 607 751 650 lectionem
783 609 1023 662 perspicere·
1054 609 1189 652 liceat.
1252 609 1388 661 Infra
1411 624 1457 662 p.
1486 613 1553 662 84,
1586 623 1629 651 n.
1663 623 1686 651 c
1719 623 1811 651 cum
1843 607 1881 651 (J

385 666 496 708 miro
535 668 655 709 modo
686 667 888 710 convenit.
951 668 1011 710 In
1046 668 1145 710 Vita
1175 682 1334 722 quoque
1365 668 1590 710 Deoderici
1621 668 1662 710 Ι.
1695 667 1876 721 episcopi
1899 680 1917 707 ο

386 726 609 768 Mettensis
639 741 724 768 uno
755 726 920 780 quidem
952 727 1037 769 loco
1066 726 1376 770 Widuhindum
1407 726 1603 769 adhibuit
1615 729 1642 768 ².

530 785 764 828 Annalista
797 786 911 828 Samo
943 800 1036 828 cum
1066 786 1312 838 Frutolfum
1343 790 1429 828 tum
1459 785 1768 829 Widuhindum
1804 787 1875 829 ad-

386 844 534 897 hibuit,
567 859 617 887 ea
648 844 814 898 quidem
844 845 1021 897 ratione,
1054 849 1100 886 ut
1121 845 1237 887 Saxo
1257 845 1466 887 nonnulla
1492 844 1634 898 capita
1657 846 1874 898 praebeat,

386 917 492 956 977776
523 904 570 944 F
566 904 724 955 rutolfo
755 905 904 945 desunt
917 904 943 956 3,
982 905 1055 945 sed
1084 903 1211 945 etiam
1242 905 1291 945 de
1323 903 1540 957 capitibuS,
1582 903 1733 957 quibus
1764 904 1812 945 F
1807 917 1875 946 ru-

387 963 514 1014 tolfus
552 963 709 1015 pendet
747 976 797 1004 eoo
836 962 1120 1013 Widuhindo,
1163 963 1222 1004 ad
1258 962 1397 1015 ipsum
1436 966 1646 1005 auctorem
1686 977 1876 1005 reversus
1900 975 1936 1002 10

387 1020 454 1062 sit.
520 1021 692 1063 Secutus
732 1026 792 1063 est
829 1021 1008 1063 codicem
1038 1021 1082 1062 B
1108 1026 1127 1062 1
1163 1025 1201 1062 et
1231 1024 1255 1061 2
1297 1020 1571 1074 simillimum,
1611 1035 1731 1074 quem
1770 1021 1877 1064 satis

387 1084 582 1122 accurate
613 1079 829 1132 eoepressit,
861 1080 923 1121 ita
954 1084 1000 1121 ut
1029 1079 1197 1133 saepius
1228 1081 1287 1121 ad
1305 1093 1448 1122 veram
1469 1080 1682 1122 lectionem
1702 1081 1877 1132 firman·

388 1140 486 1180 dam
515 1139 659 1191 facere
680 1138 829 1192 possit.

530 1198 966 1252 BIaydeburyensium
996 1211 1153 1251 97709776
1183 1197 1426 1240 Annalium
1462 1202 1608 1240 auctor
1646 1197 1695 1240 in
1728 1212 1878 1252 puyna

389 1257 685 1308 Lechfeldensi
726 1257 1000 1300 desciibenda
1039 1257 1294 1302 Widuhindi
1334 1256 1406 1299 libi
1408 1271 1488 1299 um
1528 1256 1788 1310 exscripsit4,
1829 1256 1879 1299 ni
1902 1268 1937 1295 ιο

387 1317 496 1368 forte
527 1316 722 1358 Annales
754 1316 1096 1370 Ν7’67707779677363
1127 1316 1343 1370 deperditi,
1376 1330 1478 1369 quos
1508 1315 1740 1369 descripsit,
1776 1316 1878 1358 haec

389 1375 530 1428 capita
570 1375 656 1416 iam
699 1375 1024 1418 60777777776777775.
1088 1375 1318 1428 Lectiones,
1359 1388 1476 1428 977773,
1518 1389 1624 1428 977776
1662 1375 1711 1417 777
1751 1389 1878 1428 appa-

389 1438 530 1476 ratum
571 1433 761 1476 criticum
802 1448 963 1487 76671767
965 1438 1099 1487 entur
1143 1449 1228 1477 non
1268 1434 1473 1487 indiynas
1504 1434 1620 1486 duxi,
1663 1448 1755 1476 cum
1785 1433 1830 1475 B
1855 1438 1876 1475 1

388 1493 479 1545 fere
511 1493 774 1536 conveniunt.
844 1493 1035 1536 Codicem
1074 1493 1247 1536 unicum
1278 1508 1298 1535 e
1330 1493 1574 1535 bibliotheca
1604 1493 1725 1547 reyia
1756 1493 1878 1535 Han-

390 1554 637 1595 7707767777777ὕ
668 1552 899 1595 liberaliter
929 1553 1008 1595 huc
1039 1553 1336 1595 transmissum
1366 1552 1533 1595 contuli.
1903 1565 1940 1592 πο

533 1612 593 1654 In
635 1611 734 1654 Vita
765 1611 993 1654 Altmanni
1025 1611 1206 1665 episcopi
1237 1610 1508 1653 Pataviensis
1523 1611 1536 1636 ⁷
1567 1615 1606 1653 et
1635 1615 1747 1653 textu
1785 1624 1880 1664 9770-

390 1672 489 1713 dam
536 1672 585 1712 de
625 1671 885 1725 Apocalypsi
930 1686 971 1714 a.
1018 1675 1143 1712 1243.
1192 1670 1450 1723 conscriptoS
1489 1670 1697 1712 nonnulla
1736 1669 1881 1713 Widu-

391 1730 514 1772 kindi
546 1729 690 1784 capita
721 1730 915 1772 adhibita
946 1744 1032 1773 esse
1061 1729 1226 1772 monuit
1253 1730 1320 1773 W.
1348 1729 1624 1772 Wattenbach
1637 1730 1666 1770 ⁹.

540 1788 865 1843 Chronoyraphi
897 1788 1102 1831 Saoeonici
1123 1788 1377 1842 posterioris
1407 1787 1501 1830 aevi
1522 1788 1671 1841 plures
1700 1788 1882 1839 fortasse

401 1848 710 1891 Widuhindum
739 1848 988 1901 habuerunt,
1021 1848 1068 1889 id
1097 1849 1208 1902 quod
1236 1848 1286 1889 de
1323 1846 1525 1889 Gobelino
1550 1847 1714 1888 Person
1747 1844 1879 1899 (1358
1905 1859 1942 1886 2⁶

393 1906 588 1961 —1421)
622 1907 841 1960 constat10,
874 1908 948 1949 sed
981 1907 1148 1960 inteyra
1178 1908 1306 1949 verba
1344 1906 1486 1948 nullus
1525 1905 1744 1958 exscripsit
1784 1909 1882 1948 ante

400 1966 688 2019 Trithemium,
721 1965 794 2019 9777
825 1966 1017 2019 quamvis
1040 1966 1287 2019 plerumque
1317 1965 1505 2016 Frutolfii
1542 1964 1751 2007 Chronico
1781 1978 1883 2005 773773

394 2026 460 2078 377,
493 2029 632 2067 tamen
652 2024 888 2067 electionem
908 2029 947 2067 et
966 2024 1276 2067 coronationem
1303 2023 1466 2066 Ottonis
1492 2028 1597 2066 certe
1620 2022 1883 2066 Widuhindo

393 2086 494 2127 duce
526 2083 784 2137 narravitss,
818 2098 944 2137 97777777
967 2083 1161 2136 plurima
1191 2097 1287 2125 vero
1317 2097 1397 2125 sua
1427 2082 1567 2124 indole
1597 2081 1776 2125 addidit.

541 2142 842 2185 Theodericum
874 2145 923 2186 de
955 2142 1084 2185 Niem
1114 2142 1163 2184 in
1194 2142 1354 2184 libello:
1391 2142 1638 2197 Privilegia
1669 2143 1751 2183 aut
1780 2141 1882 2182 iura
1906 2153 1942 2179 ³0

394 2204 573 2258 imperii
616 2203 736 2245 circa
778 2203 1075 2245 investituras
1117 2203 1460 2257 episcopatuum
1505 2204 1551 2242 ei]
1592 2200 1879 2242 abbatiarum

395 2306 429 2351 1)
458 2306 645 2347 Chronica,
673 2305 736 2340 SS.
759 2305 820 2348 VI,
842 2316 881 2348 p.
898 2307 979 2341 339.
1005 2307 1086 2340 340.
1112 2306 1312 2340 346—351.
1410 2304 1446 2346 2)
1475 2303 1585 2345 Infra
1603 2314 1643 2346 p.
1661 2303 1719 2345 38,
1739 2314 1774 2338 n.
1793 2314 1826 2347 g.
1846 2302 1880 2338 h.

393 2356 429 2396 3)
452 2354 485 2394 Ι,
505 2354 561 2388 36.
586 2353 640 2395 ΙΙ,
660 2355 691 2387 1.
720 2354 774 2388 10.
802 2354 857 2388 20.
884 2354 929 2387 23
947 2363 1019 2395 399.
1047 2353 1103 2386 27.
1130 2353 1186 2386 28.
1213 2353 1269 2386 32.
1296 2351 1369 2394 ΙΙΙ,
1396 2352 1442 2386 52
1459 2361 1531 2394 399.
1627 2351 1664 2394 4)
1694 2349 1756 2385 SS.
1774 2350 1882 2392 XVI,

388 2413 427 2445 p.
456 2402 523 2436 1-15
539 2410 614 2443 399.
735 2400 771 2444 5)
808 2399 863 2441 Cf.
891 2399 940 2434 H.
965 2399 1095 2441 Herre,
1121 2398 1362 2441 ίΙίε677ἶ7777χ967·
1386 2398 1553 2431 Annalen
1586 2398 1644 2430 als
1670 2397 1786 2438 Quelle
1819 2398 1884 2430 der

393 2448 547 2481 Po'hlder
574 2447 753 2480 Chronik'
778 2447 915 2490 (Leipz.
944 2447 1053 2488 1890)
1078 2457 1115 2489 17.
1142 2448 1199 2481 20.
1313 2445 1347 2489 6)
1374 2444 1440 2480 Nr.
1469 2447 1572 2481 1105.
1622 2445 1676 2487 Cf.
1703 2444 1747 2480 Ε.
1772 2444 1883 2478 Bode-
1907 2450 1942 2477 35
2016 2423 2024 2461 l

393 2505 516 2537 mann,
544 2494 622 2528 ‘Die
647 2494 938 2535 Handschriften
962 2494 1026 2527 der
1047 2493 1194 2536 Ko'niyl.
1221 2493 1350 2535 o'ffentl
1378 2492 1577 2526 Bibliothelc
1601 2503 1648 2525 zu
1672 2491 1881 2526 Hannoveo’

394 2543 522 2583 (1867)
551 2553 590 2585 p
617 2543 698 2578 220.
798 2542 832 2585 7)
871 2541 934 2576 SS.
961 2540 1053 2583 XII,
1083 2551 1123 2583 p.
1150 2542 1230 2575 229.
1327 2539 1364 2584 8)
1399 2540 1579 2583 Scriptum
1611 2549 1721 2583 super
1745 2540 1883 2582 Apoca-

395 2590 524 2633 lgspsim
557 2600 635 2622 cum
668 2589 897 2632 imayinibus.
948 2588 1063 2622 Codex
1096 2588 1245 2631 capituli
1277 2590 1367 2621 777677
1368 2588 1456 2631 opol.
1482 2587 1535 2620 Pr
1536 2598 1593 2629 779.
1628 2586 1760 2628 (dictus
1783 2586 1883 2620 Wen-

394 2638 501 2670 ceslai
532 2637 702 2674 doctoris)
735 2637 815 2671 edit.
849 2647 872 2668 a
906 2646 983 2679 cap.
1016 2635 1192 2679 meti-,opol
1227 2634 1387 2717 (1Ρν779α6
1425 2635 1592 2678 1873)p
1566 2646 1602 2678 p.
1639 2635 1718 2673 100,
1753 2633 1813 2667 col.
1850 2634 1882 2668 2.

395 2685 431 2726 9)
467 2684 602 2725 ‘DGQJ
629 2684 679 2718 ed.
706 2685 738 2719 6.
772 2683 827 2726 ΙΙ,
857 2695 896 2727 p.
923 2685 978 2718 77.
1013 2684 1094 2720 254.
1240 2681 1298 2727 10)
1335 2682 1389 2725 Cf.
1423 2681 1650 2724 Hayemann,
1678 2679 1805 2713 ‘Ueber
1828 2680 1943 2713 diem

398 2731 538 2772 Quellen
566 2732 626 2764 des
653 2730 860 2764 Gobelinus’
886 2731 1055 2773 (Dissert.
1081 2729 1168 2764 Hal.
1197 2730 1305 2772 1874)
1334 2740 1373 2772 p.
1399 2730 1457 2764 48.
1482 2730 1539 2763 49.
1591 2727 1661 2769 Qui
1692 2726 1760 2760 loci
1790 2726 1884 2769 quod

395 2781 434 2811 in
459 2780 651 2812 noi-issima
675 2779 824 2812 editione
849 2789 871 2810 a
896 2777 1155 2810 Maoeimiliano
1179 2777 1311 2810 Iansen
1330 2786 1407 2819 par
1407 2780 1480 2817 ata,
1500 2774 1883 2817 ‘Veroffentlichunqen

395 2827 460 2859 der
491 2825 610 2859 Histoi
614 2826 740 2859 73617677
777 2825 1019 2859 Kommission
1056 2826 1122 2867 fiir
1153 2822 1365 2865 Westfalen’
1401 2824 1504 2865 1900,
1542 2832 1614 2856 non
1648 2831 1764 2855 omnes
1799 2824 1883 2854 sunt

394 2875 533 2916 recepti,
560 2873 678 2914 facere
701 2883 773 2907 77077
795 2882 953 2916 possum,
978 2873 1066 2915 quin
1090 2871 1323 2914 vituperando
1350 2880 1519 2904 moneam.
1579 2869 1701 2911 Iyitur
1719 2869 1883 2911 priorem

395 2920 576 2953 Meibomii
600 2920 781 2954 editionem
797 2920 987 2961 (Fimancof
1008 2920 1117 2962 1599)
1141 2919 1197 2952 hic
1221 2918 1292 2951 illio
1317 2917 1480 2950 adhibere
1503 2916 1615 2951 debui.
1715 2915 1772 2959 11)
1787 2915 1882 2950 Ami.
1904 2920 1942 2947 ω

395 2967 571 3010 Hirsaecy.
599 2967 629 3009 Ι,
656 2978 694 3009 p.
714 2969 769 3002 73.
789 2969 844 3002 74.
