2034 3380
0 2635 30 2719 &²

387 352 573 388 RERUM
597 352 880 388 GESTARUM
903 352 1280 390 SAXONICARUM
1305 355 1402 392 LIB.
1427 355 1502 393 HI.
1619 358 1689 394 115

201 473 266 515 eis
307 473 442 523 adiit;
491 487 580 527 quo
620 475 814 527 agente*
851 469 1050 514 annumb
1086 474 1184 516 fere
1224 477 1389 525 totum,
1432 477 1580 518 diem⁰
1619 491 1687 519 ex-
1700 486 1782 521 957.

200 533 399 573 tremum
432 532 548 573 obiit
561 532 588 582 ¹,
620 528 750 573 toto‘¹
776 531 1054 572 Francorum
1087 532 1279 587 imperio
1310 534 1573 588 relinquens
1605 549 1687 578 suo
1699 549 1839 582 (septe).

200 591 389 632 vulnere
421 590 587 631 vulnus
621 590 799 631 durum.
862 590 1019 631 Funus
1060 593 1214 632 autem
1255 593 1353 633 eius
1394 606 1421 634 a
1461 594 1687 636 militibus

202 649 359 690 debito
391 650 563 690 honore
595 650 817 695 curatum,
851 650 899 690 et
930 649 987 690 ab
1021 649 1161 690 Italia
1192 650 1484 705 Mogontiae⁰
1523 666 1687 706 corpus

52 758 93 791 ,Ρ
114 723 176 785 4⁶2⁵
200 707 489 752 translatum.
527 707 576 747 in
613 702 851 748 *basilicas
885 707 1055 748 Albani
1095 709 1306 763 martyris
1344 710 1576 764 sepultum
1617 714 1688 752 est

201 780 303 807 cum
336 766 466 807 luctu
497 768 544 806 et
575 765 766 820 planctu
798 766 1047 807 multorum
1080 767 1353 822 populorum
1368 769 1395 808 2.
1447 769 1684 824 Reliquitg

200 827 303 879 post
334 838 381 866 se
413 824 556 864 filium
590 824 734 878 patris
766 825 989 866 vocabulo
1020 826 1291 879 insignitum
1306 826 1334 866 3.

319 882 493 923 LVIII.
565 882 770 924 Litterae
817 886 969 925 autem
1019 885 1171 926 obitus
1219 885 1315 926 eius
1362 885 1532 928 allatae
1578 889 1687 928 sunt

198 941 476 996 imperatori,
511 955 611 982 cum
646 944 766 983 esset
796 943 844 982 in
882 938 1092 990 militiah,
1135 957 1226 997 qua
1267 944 1485 986 militavit
1526 948 1687 987 contra

138 1016 174 1040 ιο
198 1000 469 1049 Redarios43
512 996 813 1054 quapropteri
855 1001 966 1042 satis
998 1001 1246 1055 plurimum
1279 1002 1571 1044 lacrimarum
1604 1018 1685 1058 pro

199 1058 283 1098 filii
313 1059 508 1100 interitu
538 1059 775 1109 fudityde
807 1062 999 1108 caetero,
1033 1060 1113 1113 qui
1143 1062 1295 1102 adhuc
1323 1058 1583 1103 ordinavitk
1607 1064 1686 1103 im-

198 1117 372 1171 perium
407 1131 552 1167 suum,
594 1118 761 1159 rectori
801 1118 1005 1158 omnium
1038 1118 1167 1160 Deo5
1205 1119 1404 1161 fideliter
1444 1121 1684 1162 commisit.

340 1175 542 1216 LVIIII.
632 1175 804 1217 Eodem
860 1178 1066 1230 tempore
1117 1175 1474 1219 Wichmannus¹
1538 1180 1685 1221 sciens

198 1233 437 1275 Saxoniam
473 1234 774 1285 bellatoribus
804 1247 1008 1284 vacuam,
1042 1249 1069 1276 a
1101 1234 1255 1277 Gallia
1286 1237 1520 1290 profectus
1553 1238 1685 1279 Saxo-

135 1307 172 1332 15
197 1293 318 1333 niam
352 1292 532 1334 occulte
563 1293 767 1341 intravit,
803 1293 987 1333 domum
1020 1295 1351 1348 coniugemque
1373 1296 1543 1345 revisit,
1576 1296 1684 1338 inde

196 1365 243 1392 se
274 1351 443 1392 iterum
474 1351 744 1405 alienigenis
783 1351 1005 1393 inmersit.
1077 1353 1369 1394 Eeberhtusm
1402 1368 1507 1396 vero
1547 1355 1685 1396 inter-

195 1412 338 1451 ventu
370 1410 525 1464 magni
556 1410 786 1464 pontificis
819 1411 1047 1451 Brunonis
1078 1411 1126 1451 in
1158 1412 1355 1465 gratiam
1388 1413 1624 1467 recipitur.

339 1469 434 1509 LX.
489 1469 667 1510 Ductus
699 1469 924 1510 exercitus
958 1472 1117 1510 contra
1134 1470 1519 1512 Wichmannum¹1
1544 1473 1684 1513 tertia
1697 1480 1777 1516 958.

196 1526 324 1569 vicc⁶
353 1527 429 1568 vix
459 1527 674 1577 obtinuit,
707 1529 761 1568 ut
791 1528 840 1568 in
871 1529 961 1568 fide
985 1527 1177 1570 Geronis
1210 1529 1414 1583 filiique⁷
1446 1530 1516 1571 sui
1548 1531 1683 1572 susci—

134 1599 172 1624 20
196 1587 395 1639 peretur,
425 1586 602 1639 ipsique
623 1587 746 1653 apud
776 1586 1098 1640 imperatorem
1122 1588 1398 1637 obtinerent.
1421 1602 1511 1642 quo
1534 1590 1684 1642 patria

197 1643 493 1698 coniugisque
533 1645 808 1698 patnmonio
841 1658 944 1685 cum
981 1646 1131 1698 gratia
1170 1646 1396 1700 imperiali
1436 1647 1682 1688 frueretur.

195 1702 430 1743 Iniussus⁰
459 1705 793 1744 sacramentum
825 1703 1031 1745 terribile
1063 1704 1191 1745 dedit
1222 1718 1269 1745 se
1302 1708 1463 1746 contra
1493 1706 1684 1759 impera-

194 1763 342 1802 torem
374 1761 750 1815 imperatorisque
790 1775 981 1815 regnum
1023 1776 1271 1816 numquam
1313 1763 1488 1817 aliquid
1528 1764 1683 1818 inique

197 1819 386 1861 consilio
419 1823 500 1861 aut
532 1822 639 1861 actu
669 1820 950 1861 facturumv.
1003 1821 1078 1861 Ita
1110 1821 1199 1863 fide
1231 1822 1342 1863 data
1371 1823 1420 1862 in
1446 1836 1558 1876 pace
1580 1825 1679 1864 est‘l

134 1892 172 1917 25
197 1877 409 1919 dimissus
440 1881 488 1919 et
519 1879 650 1920 bonis
682 1879 1058 1933 promissionibus
1089 1879 1146 1920 ab
1178 1880 1454 1934 imperatore
1490 1883 1682 1922 erectus.

339 1937 462 1977 LXI.
525 1937 718 1978 Peracta
759 1938 927 1979 caede⁸
961 1938 1257 1979 barbarorum
1298 1952 1351 1980 eo
1384 1953 1505 1980 anno
1537 1940 1684 1994 prodi-

197 1995 349 2048 giosae
394 2009 467 2036 res
513 2000 810 2050 apparuere”‚
858 2000 995 2038 notae
1042 1997 1219 2038 scilicet
1265 1998 1411 2039 crucis
1457 1998 1507 2039 in
1552 1998 1683 2039 vesti-

197 2054 363 2094 mentis
395 2053 695 2107 plurimorum
708 2054 735 2094 ⁹.
789 2054 966 2105 Quibus
987 2055 1094 2096 visis
1116 2055 1304 2109 plurimi
1325 2056 1499 2097 salubri
1518 2057 1683 2098 timore

197 2142 226 2174 a)
239 2150 328 2174 agens
341 2143 428 2170 Saxo.
483 2142 514 2174 b)
526 2144 589 2169 fere
602 2151 711 2169 annum
724 2144 750 2169 B
760 2145 785 2169 1.
842 2146 869 2175 c)
882 2143 930 2170 die
944 2147 1076 2170 extremo
1088 2146 1114 2170 B
1125 2147 1149 2172 1.
1203 2146 1233 2176 d)
1247 2146 1303 2171 toti
1316 2147 1342 2171 B
1352 2146 1378 2171 2.
1435 2147 1462 2177 e)
1475 2147 1626 2178 maguntie
1639 2146 1683 2177 A,-

134 2179 173 2204 30
197 2178 347 2209 moguntie
366 2179 433 2211 313
453 2179 611 2210 Mogoncii
629 2179 837 2211 (mogonciam)
856 2180 923 2212 323
950 2180 1130 2212 magontiam
1153 2181 1325 2212 Ἠιίανηαν.,·
1344 2182 1522 2213 mogontiam
1540 2182 1629 2208 Saxo.
1648 2195 1685 2200 —

197 2214 280 2238 Inter
299 2214 374 2245 Mog.
395 2216 420 2238 et
439 2221 543 2245 corpus
562 2214 648 2239 verba
666 2222 714 2240 res
733 2222 899 2246 apparuere
917 2216 1010 2240 deleta
1033 2218 1099 2240 sunt
1120 2216 1147 2240 B
1162 2218 1192 2248 1;
1217 2217 1255 2246 cf.
1283 2217 1301 2244 l.
1320 2217 1364 2243 27.
1453 2217 1476 2247 f)
1500 2217 1595 2242 sancti
1621 2217 1684 2241 alia

196 2256 285 2273 manu
302 2249 375 2274 sicut
392 2250 508 2280 saepius
525 2256 666 2281 δίιμεν-εον.
685 2250 716 2277 C.
783 2253 815 2282 g)
835 2249 974 2281 Reliquid
994 2257 1069 2276 corr.
1090 2251 1222 2282 Reliquit
1239 2251 1270 2278 C.
1342 2251 1373 2283 11)
1392 2251 1477 2277 italia
1495 2252 1524 2277 C.
1591 2251 1612 2283 i)
1632 2252 1685 2283 qui

196 2284 223 2308 B
241 2284 266 2310 2.
356 2283 388 2315 k)
415 2283 569 2309 ordinaret
592 2285 681 2311 Saxo.
770 2285 792 2315 l)
818 2285 1005 2317 wigmannus
1030 2286 1064 2313 A.
1090 2286 1154 2311 132.
1181 2286 1277 2317 Sem-o,-
1302 2287 1398 2312 sciens
1418 2287 1603 2318 wigmannus
1623 2287 1684 2314 Bi.

197 2319 238 2350 m)
262 2319 408 2345 Ecbertun
426 2319 462 2346 A.
481 2319 548 2352 1323
572 2319 742 2352 Egberhtus
761 2321 799 2351 C,-
824 2320 973 2346 Ekbertus
993 2321 1018 2345 B
1030 2324 1053 2348 l.
1071 2321 1160 2348 Saxo.
1249 2321 1280 2355 n)
1304 2322 1503 2353 wigmannum
1521 2322 1556 2349 A.
1575 2322 1638 2347 Bl.
1658 2322 1684 2349 2.

136 2354 173 2379 36
196 2354 286 2382 Saxo.
375 2356 404 2385 ο)
430 2355 472 2379 sic
495 2355 530 2382 A.
554 2355 618 2382 Bl.
641 2355 675 2388 ἒς
706 2355 804 2380 Iussus
832 2356 864 2383 G.
952 2358 982 2388 p)
1010 2360 1146 2381 acturum
1172 2357 1237 2384 Bl.
1327 2358 1357 2388 q)
1385 2355 1522 2383 dimissus
1549 2359 1596 2382 est
1619 2357 1684 2384 Bl.

197 2389 223 2422 r)
240 2390 282 2414 sic
299 2390 336 2417 A.
354 2390 380 2414 Β
391 2391 417 2417 1.
437 2391 462 2417 2.
480 2390 577 2421 Saxo5
595 2394 799 2423 apparuerunt
817 2391 847 2418 C.

200 2458 235 2502 1)
253 2459 347 2493 Arm.
367 2459 469 2495 Corb.
498 2470 532 2494 a.
550 2461 632 2502 957,
657 2459 720 2496 SS.
738 2460 812 2500 III,
834 2473 869 2504 p.
887 2462 930 2497 4:
956 2460 1152 2495 Liudulfus
1168 2460 1263 2495 filius
1278 2462 1375 2506 regis
1399 2461 1437 2495 in
1454 2461 1565 2495 Italia
1581 2461 1683 2498 obiit.

197 2506 234 2547 2)
256 2506 311 2546 Cf.
327 2515 443 2547 supra
464 2517 502 2549 p.
519 2508 577 2549 33,
600 2517 635 2541 n.
654 2508 688 2541 6.
772 2508 809 2550 3)
826 2507 993 2550 ottonem,
1009 2513 1136 2542 natum
1153 2519 1186 2544 a.
1205 2511 1276 2545 954
1291 2509 1406 2551 (cont.
1423 2509 1548 2552 Regin,
1566 2509 1601 2544 h.
1619 2511 1684 2552 a.)‚

198 2553 260 2594 qui
275 2555 358 2594 post
375 2552 630 2586 Burchardum
645 2553 813 2586 ducatum
829 2555 1069 2588 Alamanniae
1083 2558 1195 2589 tenuit
1211 2567 1245 2591 a.
1265 2557 1463 2592 973—982.
1497 2556 1553 2597 Cf.
1571 2566 1686 2599 supra

134 2609 175 2634 4ο
193 2608 231 2640 p.
250 2599 307 2638 38,
323 2598 347 2633 l.
367 2600 404 2633 1:
421 2598 619 2632 seeundum
635 2599 748 2643 patris
764 2601 912 2635 nomine
928 2601 1152 2643 insignitum.
1225 2604 1262 2647 4)
1286 2603 1385 2638 Gont.
1401 2603 1526 2645 Reyin.
1544 2613 1579 2636 a.
1597 2604 1683 2638 957:

198 2655 263 2678 rex
295 2644 428 2678 iterum
453 2645 602 2681 Sclavos
630 2645 772 2681 invasit.
878 2649 915 2692 5)
943 2648 1075 2682 Esther
1101 2650 1156 2692 15,
1182 2652 1223 2685 5:
1255 2649 1418 2682 omnium
1441 2651 1623 2682 rectorem
1648 2650 1686 2682 et

198 2691 414 2725 salvatorem
448 2691 577 2727 Deum.
637 2693 693 2733 Cf.
727 2704 842 2736 supra
871 2705 911 2737 p.
938 2697 995 2736 70,
1032 2696 1055 2730 l.
1082 2698 1102 2730 7
1119 2707 1169 2739 sq.
1306 2695 1342 2739 6)
1377 2695 1505 2728 Prima
1537 2696 1606 2728 vice
1640 2695 1685 2729 ab

199 2738 409 2772 Hermanno
434 2750 468 2774 a.
487 2740 556 2775 955
581 2739 708 2779 (huius
730 2739 818 2773 libri
840 2751 868 2774 c.
885 2742 961 2784 51),
985 2743 1136 2776 secunda
1161 2754 1184 2775 a
1207 2753 1288 2785 reye
1302 2742 1417 2775 eodem
1433 2752 1528 2775 anno
1544 2747 1589 2784 (c.
1608 2743 1683 2784 53).

200 2786 236 2828 7)
272 2785 443 2828 Siyifridi
474 2787 517 2828 (†
541 2796 568 2822 c.
595 2788 692 2826 959).
812 2786 849 2832 8)
874 2787 1005 2831 Veryil.
1033 2791 1118 2824 Aen.
1143 2789 1214 2831 IX,
1238 2800 1267 2824 v.
1294 2790 1383 2823 242:
1409 2788 1548 2832 ingenti
1573 2787 1684 2823 caede

137 2841 176 2866 45
199 2836 355 2883 peracta.
452 2834 488 2876 9)
518 2833 574 2875 Cf.
592 2834 688 2868 Ann.
709 2833 808 2868 Corb.
834 2845 868 2868 a.
886 2835 975 2870 959:
1001 2834 1083 2868 Hoc
1110 2846 1203 2869 anno
1229 2835 1373 2880 signum
1398 2837 1544 2869 sanctae
1568 2835 1684 2869 crucis

200 2888 239 2910 111
261 2878 485 2913 vestimentis
510 2879 699 2913 hominum
724 2883 761 2914 et
784 2880 823 2914 in
845 2880 1069 2925 corporibus.
1108 2881 1159 2915 Εἰ
1174 2882 1238 2916 hoc
1256 2885 1460 2925 portentum
1476 2886 1507 2916 et
1522 2882 1684 2916 morbum

195 2924 444 2969 imperatoris,
481 2926 523 2960 de
554 2937 622 2970 quo
658 2937 685 2962 c.
717 2928 775 2962 62.
812 2928 942 2969 refert,
980 2931 1054 2962 iam
1092 2939 1126 2964 a.
1161 2930 1242 2965 958.
1280 2929 1446 2962 accidisse
1480 2932 1685 2963 etatum-amc

199 2970 386 3004 Dammler
405 2983 444 3016 p.
463 2974 544 3016 298,
570 2984 606 3009 n.
624 2975 666 3018 4;
693 2974 737 3007 ab
764 2973 950 3019 Ottenthd,
978 2976 1062 3018 Περ,
1088 2976 1179 3020 Imp.
1204 2976 1257 3018 II,
1282 2986 1339 3011 nr.
1356 2977 1470 3011 263a.

1354 3046 1401 3082 8*
