<?xml version="1.0" encoding="UTF-8"?>
<!DOCTYPE html PUBLIC "-//W3C//DTD XHTML 1.0 Transitional//EN"
    "http://www.w3.org/TR/xhtml1/DTD/xhtml1-transitional.dtd">
<html xmlns="http://www.w3.org/1999/xhtml" xml:lang="en" lang="en">
 <head>
  <title>
</title>
<meta http-equiv="Content-Type" content="text/html;charset=utf-8" />
  <meta name='ocr-system' content='tesseract 3.04.00' />
  <meta name='ocr-capabilities' content='ocr_page ocr_carea ocr_par ocr_line ocrx_word'/>
</head>
<body>
  <div class='ocr_page' id='page_1' title='image "./rerumgestarumsax00widuuoft_0035.png"; bbox 0 0 2034 3380; ppageno 0'>
   <div class='ocr_carea' id='block_1_1' title="bbox 747 327 1649 372">
    <p class='ocr_par' dir='ltr' id='par_1_1' title="bbox 747 327 1649 372">
     <span class='ocr_line' id='line_1_1' title="bbox 747 327 1649 372; baseline -0.009 -1"><span class='ocrx_word' id='word_1_1' title='bbox 747 333 1055 372; x_wconf 80' lang='lat' dir='ltr'><strong>PRAEFATIO.</strong></span> <span class='ocrx_word' id='word_1_2' title='bbox 1514 327 1649 364; x_wconf 83' lang='lat' dir='ltr'>XXXI</span> 
     </span>
    </p>
   </div>
   <div class='ocr_carea' id='block_1_2' title="bbox 99 451 1663 2760">
    <p class='ocr_par' dir='ltr' id='par_1_2' title="bbox 114 451 1652 870">
     <span class='ocr_line' id='line_1_2' title="bbox 155 451 1649 511; baseline -0.009 -5"><span class='ocrx_word' id='word_1_3' title='bbox 155 462 312 506; x_wconf 84' lang='lat' dir='ltr'><em>codicis</em></span> <span class='ocrx_word' id='word_1_4' title='bbox 330 461 501 504; x_wconf 78' lang='lat' dir='ltr'><em>variam</em></span> <span class='ocrx_word' id='word_1_5' title='bbox 521 459 735 503; x_wconf 84' lang='lat' dir='ltr'><em>lectionem</em></span> <span class='ocrx_word' id='word_1_6' title='bbox 755 455 880 511; x_wconf 80' lang='lat' dir='ltr'><em>quasi</em></span> <span class='ocrx_word' id='word_1_7' title='bbox 901 454 1234 497; x_wconf 85' lang='lat' dir='ltr'><em>additamentum</em></span> <span class='ocrx_word' id='word_1_8' title='bbox 1250 451 1449 494; x_wconf 78' lang='lat' dir='ltr'><em>editionis</em></span> <span class='ocrx_word' id='word_1_9' title='bbox 1463 451 1649 493; x_wconf 73' lang='lat' dir='ltr'><em>Mi&#39;i&#39;llen-</em></span> 
     </span>
     <span class='ocr_line' id='line_1_3' title="bbox 155 510 1651 575; baseline -0.009 -10"><span class='ocrx_word' id='word_1_10' title='bbox 155 522 377 574; x_wconf 75' lang='lat' dir='ltr'><em>hoffianae</em></span> <span class='ocrx_word' id='word_1_11' title='bbox 407 519 518 575; x_wconf 73' lang='lat' dir='ltr'><em>typis</em></span> <span class='ocrx_word' id='word_1_12' title='bbox 547 518 664 561; x_wconf 80' lang='lat' dir='ltr'><em>dedit</em></span> <span class='ocrx_word' id='word_1_13' title='bbox 681 517 738 559; x_wconf 84' lang='lat' dir='ltr'><em>E.</em></span> <span class='ocrx_word' id='word_1_14' title='bbox 760 514 1012 558; x_wconf 77' lang='lat' dir='ltr'><em>Du&#39;mmler1</em></span> <span class='ocrx_word' id='word_1_15' title='bbox 1044 514 1081 555; x_wconf 90' lang='lat' dir='ltr'><em>b.</em></span> <span class='ocrx_word' id='word_1_16' title='bbox 1103 527 1156 554; x_wconf 89' lang='lat' dir='ltr'><em>m.</em></span> <span class='ocrx_word' id='word_1_17' title='bbox 1190 512 1418 554; x_wconf 86' lang='lat' dir='ltr'><em>secundum</em></span> <span class='ocrx_word' id='word_1_18' title='bbox 1438 510 1651 564; x_wconf 77' lang='lat' dir='ltr'><em>eoeemplar</em></span> 
     </span>
     <span class='ocr_line' id='line_1_4' title="bbox 149 569 1650 635; baseline -0.009 -11"><span class='ocrx_word' id='word_1_19' title='bbox 149 595 234 635; x_wconf 83' lang='lat' dir='ltr'><em>pro</em></span> <span class='ocrx_word' id='word_1_20' title='bbox 264 577 557 622; x_wconf 85' lang='lat' dir='ltr'><em>Monumentis</em></span> <span class='ocrx_word' id='word_1_21' title='bbox 593 575 854 619; x_wconf 77' lang='lat' dir='ltr'><strong><em>Germaniae</em></strong></span> <span class='ocrx_word' id='word_1_22' title='bbox 890 573 1134 625; x_wconf 83' lang='lat' dir='ltr'><em>confectum.</em></span> <span class='ocrx_word' id='word_1_23' title='bbox 1204 571 1325 624; x_wconf 71' lang='lat' dir='ltr'><em>Quod</em></span> <span class='ocrx_word' id='word_1_24' title='bbox 1353 584 1445 612; x_wconf 88' lang='lat' dir='ltr'><em>cum</em></span> <span class='ocrx_word' id='word_1_25' title='bbox 1485 569 1533 611; x_wconf 87' lang='lat' dir='ltr'><em>in</em></span> <span class='ocrx_word' id='word_1_26' title='bbox 1574 569 1650 612; x_wconf 89' lang='lat' dir='ltr'><em>col-</em></span> 
     </span>
     <span class='ocr_line' id='line_1_5' title="bbox 157 628 1651 687; baseline -0.009 -4"><span class='ocrx_word' id='word_1_27' title='bbox 157 638 402 683; x_wconf 77' lang='lat' dir='ltr'><em>lectionibus</em></span> <span class='ocrx_word' id='word_1_28' title='bbox 431 635 590 679; x_wconf 84' lang='lat' dir='ltr'><em>nostris</em></span> <span class='ocrx_word' id='word_1_29' title='bbox 613 649 700 678; x_wconf 92' lang='lat' dir='ltr'><em>non</em></span> <span class='ocrx_word' id='word_1_30' title='bbox 720 634 810 677; x_wconf 88' lang='lat' dir='ltr'><em>iam</em></span> <span class='ocrx_word' id='word_1_31' title='bbox 831 631 1043 687; x_wconf 86' lang='lat' dir='ltr'><em>repperiri</em></span> <span class='ocrx_word' id='word_1_32' title='bbox 1055 634 1207 685; x_wconf 84' lang='lat' dir='ltr'><em>posset,</em></span> <span class='ocrx_word' id='word_1_33' title='bbox 1230 628 1380 684; x_wconf 88' lang='lat' dir='ltr'><em>optime</em></span> <span class='ocrx_word' id='word_1_34' title='bbox 1401 629 1451 670; x_wconf 91' lang='lat' dir='ltr'><em>de</em></span> <span class='ocrx_word' id='word_1_35' title='bbox 1471 628 1651 670; x_wconf 73' lang='lat' dir='ltr'><em>editione</em></span> 
     </span>
     <span class='ocr_line' id='line_1_6' title="bbox 114 687 1652 742; baseline -0.008 -1"><span class='ocrx_word' id='word_1_36' title='bbox 114 717 134 742; x_wconf 77' lang='lat'><strong>5</strong></span> <span class='ocrx_word' id='word_1_37' title='bbox 156 702 303 741; x_wconf 87' lang='lat' dir='ltr'><em>nostra</em></span> <span class='ocrx_word' id='word_1_38' title='bbox 332 695 476 739; x_wconf 89' lang='lat' dir='ltr'><em>meriti</em></span> <span class='ocrx_word' id='word_1_39' title='bbox 505 699 605 738; x_wconf 88' lang='lat' dir='ltr'><em>sunt</em></span> <span class='ocrx_word' id='word_1_40' title='bbox 634 694 732 737; x_wconf 88' lang='lat' dir='ltr'><em>Viri</em></span> <span class='ocrx_word' id='word_1_41' title='bbox 763 693 825 736; x_wconf 82' lang='lat' dir='ltr'><em>Ol.</em></span> <span class='ocrx_word' id='word_1_42' title='bbox 855 693 912 735; x_wconf 90' lang='lat' dir='ltr'><em>A.</em></span> <span class='ocrx_word' id='word_1_43' title='bbox 939 690 1090 734; x_wconf 87' lang='lat' dir='ltr'><em>Vidier</em></span> <span class='ocrx_word' id='word_1_44' title='bbox 1120 689 1386 733; x_wconf 77' lang='lat' dir='ltr'><em>bibliothecae</em></span> <span class='ocrx_word' id='word_1_45' title='bbox 1417 687 1652 730; x_wconf 84' lang='lat' dir='ltr'><em>Parisinae</em></span> 
     </span>
     <span class='ocr_line' id='line_1_7' title="bbox 157 746 1651 810; baseline -0.008 -11"><span class='ocrx_word' id='word_1_46' title='bbox 157 761 304 810; x_wconf 82' lang='lat' dir='ltr'><em>custos,</em></span> <span class='ocrx_word' id='word_1_47' title='bbox 335 755 410 810; x_wconf 78' lang='lat' dir='ltr'><em>qui</em></span> <span class='ocrx_word' id='word_1_48' title='bbox 440 768 593 797; x_wconf 78' lang='lat' dir='ltr'><em>novam</em></span> <span class='ocrx_word' id='word_1_49' title='bbox 622 753 810 796; x_wconf 79' lang='lat' dir='ltr'><em>instituit</em></span> <span class='ocrx_word' id='word_1_50' title='bbox 838 751 1112 803; x_wconf 90' lang='lat' dir='ltr'><em>collationem,</em></span> <span class='ocrx_word' id='word_1_51' title='bbox 1145 753 1184 791; x_wconf 91' lang='lat' dir='ltr'><em>et</em></span> <span class='ocrx_word' id='word_1_52' title='bbox 1203 748 1244 790; x_wconf 93' lang='grc' dir='ltr'><em>Ι.</em></span> <span class='ocrx_word' id='word_1_53' title='bbox 1269 747 1480 791; x_wconf 83' lang='lat' dir='ltr'><em>Schwalm</em></span> <span class='ocrx_word' id='word_1_54' title='bbox 1500 746 1651 798; x_wconf 81' lang='lat' dir='ltr'><em>socius,</em></span> 
     </span>
     <span class='ocr_line' id='line_1_8' title="bbox 156 805 1571 870; baseline -0.008 -11"><span class='ocrx_word' id='word_1_55' title='bbox 156 816 231 870; x_wconf 80' lang='lat' dir='ltr'><em>qui</em></span> <span class='ocrx_word' id='word_1_56' title='bbox 261 815 380 870; x_wconf 89' lang='lat' dir='ltr'><em>ipsas</em></span> <span class='ocrx_word' id='word_1_57' title='bbox 401 815 605 868; x_wconf 77' lang='lat' dir='ltr'><em>playulas</em></span> <span class='ocrx_word' id='word_1_58' title='bbox 634 811 864 867; x_wconf 82' lang='lat' dir='ltr'><em>impressas</em></span> <span class='ocrx_word' id='word_1_59' title='bbox 895 825 988 854; x_wconf 90' lang='lat' dir='ltr'><em>cum</em></span> <span class='ocrx_word' id='word_1_60' title='bbox 1019 809 1157 853; x_wconf 90' lang='lat' dir='ltr'><em>codice</em></span> <span class='ocrx_word' id='word_1_61' title='bbox 1188 809 1324 850; x_wconf 87' lang='lat' dir='ltr'><em>denuo</em></span> <span class='ocrx_word' id='word_1_62' title='bbox 1355 805 1531 849; x_wconf 89' lang='lat' dir='ltr'><em>contulit</em></span> <span class='ocrx_word' id='word_1_63' title='bbox 1542 807 1571 847; x_wconf 74' lang='lat'><em>².</em></span> 
     </span>
    </p>

    <p class='ocr_par' dir='ltr' id='par_1_3' title="bbox 158 865 1653 984">
     <span class='ocr_line' id='line_1_9' title="bbox 306 865 1652 929; baseline -0.008 -12"><span class='ocrx_word' id='word_1_64' title='bbox 306 874 364 929; x_wconf 75' lang='lat' dir='ltr'><em>G)</em></span> <span class='ocrx_word' id='word_1_65' title='bbox 398 873 594 917; x_wconf 81' lang='lat' dir='ltr'><em>Primam</em></span> <span class='ocrx_word' id='word_1_66' title='bbox 626 872 850 915; x_wconf 84' lang='lat' dir='ltr'><em>editionem</em></span> <span class='ocrx_word' id='word_1_67' title='bbox 879 868 1058 924; x_wconf 85' lang='lat' dir='ltr'><em>paravit</em></span> <span class='ocrx_word' id='word_1_68' title='bbox 1087 869 1154 911; x_wconf 87' lang='lat' dir='ltr'><em>M.</em></span> <span class='ocrx_word' id='word_1_69' title='bbox 1189 867 1251 910; x_wconf 90' lang='lat' dir='ltr'><em>H.</em></span> <span class='ocrx_word' id='word_1_70' title='bbox 1289 866 1479 919; x_wconf 80' lang='lat' dir='ltr'><em>Goldast,</em></span> <span class='ocrx_word' id='word_1_71' title='bbox 1514 865 1652 918; x_wconf 84' lang='lat' dir='ltr'><em>Scrip-</em></span> 
     </span>
     <span class='ocr_line' id='line_1_10' title="bbox 158 924 1653 984; baseline -0.009 -6"><span class='ocrx_word' id='word_1_72' title='bbox 158 939 268 978; x_wconf 87' lang='lat' dir='ltr'><em>tores</em></span> <span class='ocrx_word' id='word_1_73' title='bbox 291 947 436 976; x_wconf 89' lang='lat' dir='ltr'><em>rerum</em></span> <span class='ocrx_word' id='word_1_74' title='bbox 462 932 739 976; x_wconf 78' lang='lat' dir='ltr'><em>Suevicarum</em></span> <span class='ocrx_word' id='word_1_75' title='bbox 762 929 993 984; x_wconf 76' lang='lat' dir='ltr'><em>(Francos.</em></span> <span class='ocrx_word' id='word_1_76' title='bbox 1021 932 1157 971; x_wconf 72' lang='lat'>1604..</span> <span class='ocrx_word' id='word_1_77' title='bbox 1176 927 1245 981; x_wconf 86' lang='lat'><em>8⁰)</em></span> <span class='ocrx_word' id='word_1_78' title='bbox 1263 941 1309 980; x_wconf 90' lang='lat' dir='ltr'><em>p.</em></span> <span class='ocrx_word' id='word_1_79' title='bbox 1334 924 1521 977; x_wconf 80' lang='lat'>15—20,&#39;</span> <span class='ocrx_word' id='word_1_80' title='bbox 1546 938 1653 978; x_wconf 77' lang='lat' dir='ltr'><em>quae</em></span> 
     </span>
    </p>

    <p class='ocr_par' dir='ltr' id='par_1_4' title="bbox 99 985 1654 1282">
     <span class='ocr_line' id='line_1_11' title="bbox 99 985 1654 1047; baseline -0.008 -10"><span class='ocrx_word' id='word_1_81' title='bbox 99 1011 135 1037; x_wconf 88' lang='lat'><em>10</em></span> <span class='ocrx_word' id='word_1_82' title='bbox 157 993 311 1036; x_wconf 89' lang='lat' dir='ltr'><em>iterum</em></span> <span class='ocrx_word' id='word_1_83' title='bbox 328 992 496 1047; x_wconf 87' lang='lat' dir='ltr'><em>prodiit</em></span> <span class='ocrx_word' id='word_1_84' title='bbox 520 992 668 1034; x_wconf 89' lang='lat' dir='ltr'><em>Ulmae</em></span> <span class='ocrx_word' id='word_1_85' title='bbox 692 995 818 1033; x_wconf 80' lang='lat'><strong>1727.</strong></span> <span class='ocrx_word' id='word_1_86' title='bbox 853 990 913 1032; x_wconf 84' lang='lat'><em>4⁰.</em></span> <span class='ocrx_word' id='word_1_87' title='bbox 943 1004 984 1042; x_wconf 87' lang='lat' dir='ltr'><em>p.</em></span> <span class='ocrx_word' id='word_1_88' title='bbox 1013 992 1138 1040; x_wconf 82' lang='lat'><em>1—3,</em></span> <span class='ocrx_word' id='word_1_89' title='bbox 1170 986 1399 1030; x_wconf 86' lang='lat' dir='ltr'><em>secundum</em></span> <span class='ocrx_word' id='word_1_90' title='bbox 1423 985 1654 1038; x_wconf 73' lang='lat' dir='ltr'><em>exemplum</em></span> 
     </span>
     <span class='ocr_line' id='line_1_12' title="bbox 159 1044 1652 1104; baseline -0.007 -9"><span class='ocrx_word' id='word_1_91' title='bbox 159 1052 260 1095; x_wconf 83' lang='lat' dir='ltr'><em>libri</em></span> <span class='ocrx_word' id='word_1_92' title='bbox 285 1052 552 1095; x_wconf 71' lang='lat' dir='ltr'><em>bibliothecae</em></span> <span class='ocrx_word' id='word_1_93' title='bbox 575 1050 792 1104; x_wconf 85' lang='lat' dir='ltr'><em>principis</em></span> <span class='ocrx_word' id='word_1_94' title='bbox 823 1048 1011 1092; x_wconf 76' lang='lat' dir='ltr'><em>electoris</em></span> <span class='ocrx_word' id='word_1_95' title='bbox 1036 1046 1258 1090; x_wconf 87' lang='lat' dir='ltr'><em>Friderici</em></span> <span class='ocrx_word' id='word_1_96' title='bbox 1277 1045 1364 1097; x_wconf 87' lang='lat' dir='ltr'><em>IV,</em></span> <span class='ocrx_word' id='word_1_97' title='bbox 1397 1045 1508 1098; x_wconf 75' lang='lat' dir='ltr'><em>quod</em></span> <span class='ocrx_word' id='word_1_98' title='bbox 1527 1044 1652 1086; x_wconf 86' lang='lat' dir='ltr'><em>Mar-</em></span> 
     </span>
     <span class='ocr_line' id='line_1_13' title="bbox 160 1103 1654 1165; baseline -0.007 -10"><span class='ocrx_word' id='word_1_99' title='bbox 160 1113 324 1165; x_wconf 79' lang='lat' dir='ltr'><em>quardo</em></span> <span class='ocrx_word' id='word_1_100' title='bbox 355 1111 522 1153; x_wconf 88' lang='lat' dir='ltr'><em>Freher</em></span> <span class='ocrx_word' id='word_1_101' title='bbox 552 1109 799 1153; x_wconf 84' lang='lat' dir='ltr'><em>consiliario</em></span> <span class='ocrx_word' id='word_1_102' title='bbox 831 1107 1030 1162; x_wconf 87' lang='lat' dir='ltr'><em>palatino</em></span> <span class='ocrx_word' id='word_1_103' title='bbox 1061 1121 1103 1149; x_wconf 86' lang='lat' dir='ltr'><em>se</em></span> <span class='ocrx_word' id='word_1_104' title='bbox 1134 1107 1279 1148; x_wconf 88' lang='lat' dir='ltr'><em>debere</em></span> <span class='ocrx_word' id='word_1_105' title='bbox 1318 1105 1406 1158; x_wconf 87' lang='lat' dir='ltr'><em>ipse</em></span> <span class='ocrx_word' id='word_1_106' title='bbox 1445 1103 1494 1145; x_wconf 90' lang='lat' dir='ltr'><em>in</em></span> <span class='ocrx_word' id='word_1_107' title='bbox 1525 1117 1654 1158; x_wconf 81' lang='lat' dir='ltr'><em>prae-</em></span> 
     </span>
     <span class='ocr_line' id='line_1_14' title="bbox 159 1162 1654 1223; baseline -0.006 -10"><span class='ocrx_word' id='word_1_108' title='bbox 159 1171 323 1223; x_wconf 81' lang='lat' dir='ltr'><em>fatione</em></span> <span class='ocrx_word' id='word_1_109' title='bbox 356 1171 594 1223; x_wconf 73' lang='lat' dir='ltr'><em>profitetur.</em></span> <span class='ocrx_word' id='word_1_110' title='bbox 658 1169 724 1211; x_wconf 89' lang='lat' dir='ltr'><em>Ac</em></span> <span class='ocrx_word' id='word_1_111' title='bbox 746 1168 891 1222; x_wconf 88' lang='lat' dir='ltr'><em>primo</em></span> <span class='ocrx_word' id='word_1_112' title='bbox 922 1166 1088 1221; x_wconf 79' lang='lat' dir='ltr'><em>quidem</em></span> <span class='ocrx_word' id='word_1_113' title='bbox 1121 1166 1181 1207; x_wconf 90' lang='lat' dir='ltr'><em>K.</em></span> <span class='ocrx_word' id='word_1_114' title='bbox 1214 1162 1508 1214; x_wconf 74' lang='lat' dir='ltr'><em>Mitllenhoff3</em></span> <span class='ocrx_word' id='word_1_115' title='bbox 1530 1167 1654 1216; x_wconf 86' lang='lat' dir='ltr'><em>puta-</em></span> 
     </span>
     <span class='ocr_line' id='line_1_15' title="bbox 159 1223 1654 1282; baseline -0.006 -10"><span class='ocrx_word' id='word_1_116' title='bbox 159 1234 278 1272; x_wconf 83' lang='lat' dir='ltr'><em>verat</em></span> <span class='ocrx_word' id='word_1_117' title='bbox 308 1229 498 1280; x_wconf 85' lang='lat' dir='ltr'><em>codicem,</em></span> <span class='ocrx_word' id='word_1_118' title='bbox 541 1242 660 1282; x_wconf 77' lang='lat' dir='ltr'><em>quem</em></span> <span class='ocrx_word' id='word_1_119' title='bbox 692 1228 859 1269; x_wconf 86' lang='lat' dir='ltr'><em>Freher</em></span> <span class='ocrx_word' id='word_1_120' title='bbox 889 1225 1143 1277; x_wconf 83' lang='lat' dir='ltr'><em>adhibuerit,</em></span> <span class='ocrx_word' id='word_1_121' title='bbox 1186 1224 1324 1278; x_wconf 88' lang='lat' dir='ltr'><em>ipsum</em></span> <span class='ocrx_word' id='word_1_122' title='bbox 1363 1223 1498 1275; x_wconf 84' lang='lat' dir='ltr'><em>fuisse</em></span> <span class='ocrx_word' id='word_1_123' title='bbox 1531 1223 1654 1275; x_wconf 83' lang='lat' dir='ltr'><em>pala-</em></span> 
     </span>
    </p>

    <p class='ocr_par' dir='ltr' id='par_1_5' title="bbox 101 1281 1658 1577">
     <span class='ocr_line' id='line_1_16' title="bbox 101 1281 1656 1342; baseline -0.006 -11"><span class='ocrx_word' id='word_1_124' title='bbox 101 1305 136 1331; x_wconf 65' lang='grc' dir='ltr'><em>ιε</em></span> <span class='ocrx_word' id='word_1_125' title='bbox 161 1288 309 1342; x_wconf 88' lang='lat' dir='ltr'><em>tinum,</em></span> <span class='ocrx_word' id='word_1_126' title='bbox 342 1289 392 1331; x_wconf 91' lang='lat' dir='ltr'><em>de</em></span> <span class='ocrx_word' id='word_1_127' title='bbox 415 1302 496 1342; x_wconf 77' lang='lat' dir='ltr'><em>quo</em></span> <span class='ocrx_word' id='word_1_128' title='bbox 520 1301 652 1340; x_wconf 88' lang='lat' dir='ltr'><em>supra</em></span> <span class='ocrx_word' id='word_1_129' title='bbox 683 1286 868 1340; x_wconf 75' lang='lat' dir='ltr'><em>eyimus,·</em></span> <span class='ocrx_word' id='word_1_130' title='bbox 899 1287 973 1328; x_wconf 89' lang='lat' dir='ltr'><em>sed</em></span> <span class='ocrx_word' id='word_1_131' title='bbox 996 1299 1086 1327; x_wconf 88' lang='lat' dir='ltr'><em>cum</em></span> <span class='ocrx_word' id='word_1_132' title='bbox 1113 1284 1170 1326; x_wconf 86' lang='lat' dir='ltr'><em>E.</em></span> <span class='ocrx_word' id='word_1_133' title='bbox 1191 1283 1417 1326; x_wconf 76' lang='lat' dir='ltr'><em>Ditmmler</em></span> <span class='ocrx_word' id='word_1_134' title='bbox 1437 1281 1592 1324; x_wconf 89' lang='lat' dir='ltr'><em>codicis</em></span> <span class='ocrx_word' id='word_1_135' title='bbox 1611 1281 1656 1323; x_wconf 88' lang='lat' dir='ltr'><em>B</em></span> 
     </span>
     <span class='ocr_line' id='line_1_17' title="bbox 154 1340 1658 1403; baseline -0.006 -12"><span class='ocrx_word' id='word_1_136' title='bbox 154 1347 319 1403; x_wconf 76' lang='lat' dir='ltr'><em>publici</em></span> <span class='ocrx_word' id='word_1_137' title='bbox 358 1347 470 1390; x_wconf 86' lang='lat' dir='ltr'><em>iuris</em></span> <span class='ocrx_word' id='word_1_138' title='bbox 509 1346 676 1399; x_wconf 78' lang='lat' dir='ltr'><em>fecisset</em></span> <span class='ocrx_word' id='word_1_139' title='bbox 714 1346 884 1388; x_wconf 83' lang='lat' dir='ltr'><em>variam</em></span> <span class='ocrx_word' id='word_1_140' title='bbox 925 1344 1162 1395; x_wconf 83' lang='lat' dir='ltr'><em>lectionem,</em></span> <span class='ocrx_word' id='word_1_141' title='bbox 1204 1356 1422 1385; x_wconf 81' lang='lat' dir='ltr'><em>assensum</em></span> <span class='ocrx_word' id='word_1_142' title='bbox 1453 1340 1658 1395; x_wconf 88' lang='lat' dir='ltr'><em>praebuit</em></span> 
     </span>
     <span class='ocr_line' id='line_1_18' title="bbox 171 1400 1655 1460; baseline -0.005 -11"><span class='ocrx_word' id='word_1_143' title='bbox 171 1407 219 1449; x_wconf 81' lang='lat' dir='ltr'><em>V.</em></span> <span class='ocrx_word' id='word_1_144' title='bbox 259 1406 324 1450; x_wconf 81' lang='lat' dir='ltr'><em>Ol.</em></span> <span class='ocrx_word' id='word_1_145' title='bbox 365 1406 496 1449; x_wconf 84' lang='lat' dir='ltr'><em>Eliae</em></span> <span class='ocrx_word' id='word_1_146' title='bbox 537 1405 838 1460; x_wconf 76' lang='lat' dir='ltr'><em>Steinmeyer4,</em></span> <span class='ocrx_word' id='word_1_147' title='bbox 884 1404 958 1458; x_wconf 78' lang='lat' dir='ltr'><em>qui-</em></span> <span class='ocrx_word' id='word_1_148' title='bbox 1000 1403 1362 1446; x_wconf 84' lang='lat' dir='ltr'><em>a-nimadverterat</em></span> <span class='ocrx_word' id='word_1_149' title='bbox 1406 1400 1655 1443; x_wconf 79' lang='lat' dir='ltr'><em>Goldas&#39;tum</em></span> 
     </span>
     <span class='ocr_line' id='line_1_19' title="bbox 159 1459 1655 1516; baseline -0.005 -7"><span class='ocrx_word' id='word_1_150' title='bbox 159 1480 246 1508; x_wconf 91' lang='lat' dir='ltr'><em>non</em></span> <span class='ocrx_word' id='word_1_151' title='bbox 277 1480 328 1509; x_wconf 75' lang='lat' dir='ltr'><em>ex</em></span> <span class='ocrx_word' id='word_1_152' title='bbox 358 1467 401 1508; x_wconf 89' lang='lat' dir='ltr'><strong><em>A</em></strong></span> <span class='ocrx_word' id='word_1_153' title='bbox 433 1466 544 1508; x_wconf 90' lang='lat' dir='ltr'><em>hunc</em></span> <span class='ocrx_word' id='word_1_154' title='bbox 575 1465 760 1507; x_wconf 88' lang='lat' dir='ltr'><em>libellum</em></span> <span class='ocrx_word' id='word_1_155' title='bbox 790 1464 983 1516; x_wconf 76' lang='lat' dir='ltr'><em>edidisse,</em></span> <span class='ocrx_word' id='word_1_156' title='bbox 1016 1464 1090 1505; x_wconf 90' lang='lat' dir='ltr'><em>sed</em></span> <span class='ocrx_word' id='word_1_157' title='bbox 1118 1461 1264 1516; x_wconf 85' lang='lat' dir='ltr'><em>potius</em></span> <span class='ocrx_word' id='word_1_158' title='bbox 1300 1474 1352 1503; x_wconf 71' lang='lat' dir='ltr'><em>ea·</em></span> <span class='ocrx_word' id='word_1_159' title='bbox 1391 1459 1514 1503; x_wconf 89' lang='lat' dir='ltr'><em>tertio</em></span> <span class='ocrx_word' id='word_1_160' title='bbox 1554 1474 1655 1502; x_wconf 90' lang='lat' dir='ltr'><em>non-</em></span> 
     </span>
     <span class='ocr_line' id='line_1_20' title="bbox 162 1518 1656 1577; baseline -0.005 -9"><span class='ocrx_word' id='word_1_161' title='bbox 162 1527 260 1568; x_wconf 87' lang='lat' dir='ltr'><em>dum</em></span> <span class='ocrx_word' id='word_1_162' title='bbox 310 1525 481 1568; x_wconf 80' lang='lat' dir='ltr'><em>ini-ento</em></span> <span class='ocrx_word' id='word_1_163' title='bbox 528 1525 664 1568; x_wconf 87' lang='lat' dir='ltr'><em>codice</em></span> <span class='ocrx_word' id='word_1_164' title='bbox 716 1523 984 1567; x_wconf 77' lang='lat' dir='ltr'><em>bibliothecae</em></span> <span class='ocrx_word' id='word_1_165' title='bbox 1020 1521 1269 1577; x_wconf 75' lang='lat' dir='ltr'><em>palatinae,</em></span> <span class='ocrx_word' id='word_1_166' title='bbox 1318 1520 1391 1574; x_wconf 79' lang='lat' dir='ltr'><em>qui</em></span> <span class='ocrx_word' id='word_1_167' title='bbox 1437 1518 1656 1571; x_wconf 75' lang='lat' dir='ltr'><em>affinitate</em></span> 
     </span>
    </p>

    <p class='ocr_par' dir='ltr' id='par_1_6' title="bbox 101 1580 1659 1876">
     <span class='ocr_line' id='line_1_21' title="bbox 101 1580 1656 1639; baseline -0.005 -11"><span class='ocrx_word' id='word_1_168' title='bbox 101 1602 138 1628; x_wconf 79' lang='lat'><em>80</em></span> <span class='ocrx_word' id='word_1_169' title='bbox 161 1587 346 1639; x_wconf 78' lang='lat' dir='ltr'><em>quadam</em></span> <span class='ocrx_word' id='word_1_170' title='bbox 378 1589 418 1627; x_wconf 92' lang='lat' dir='ltr'><em>et</em></span> <span class='ocrx_word' id='word_1_171' title='bbox 447 1599 539 1627; x_wconf 91' lang='lat' dir='ltr'><em>cum</em></span> <span class='ocrx_word' id='word_1_172' title='bbox 570 1584 613 1626; x_wconf 91' lang='lat' dir='ltr'><strong><em>A</em></strong></span> <span class='ocrx_word' id='word_1_173' title='bbox 645 1588 684 1626; x_wconf 92' lang='lat' dir='ltr'><em>et</em></span> <span class='ocrx_word' id='word_1_174' title='bbox 713 1598 806 1626; x_wconf 87' lang='lat' dir='ltr'><em>cum</em></span> <span class='ocrx_word' id='word_1_175' title='bbox 836 1583 881 1625; x_wconf 90' lang='lat' dir='ltr'><em>B</em></span> <span class='ocrx_word' id='word_1_176' title='bbox 921 1582 1256 1635; x_wconf 76' lang='lat' dir='ltr'><em>coniunyeretur.</em></span> <span class='ocrx_word' id='word_1_177' title='bbox 1329 1580 1476 1633; x_wconf 80' lang='lat' dir='ltr'><em>Neque</em></span> <span class='ocrx_word' id='word_1_178' title='bbox 1516 1583 1656 1621; x_wconf 90' lang='lat' dir='ltr'><em>tamen</em></span> 
     </span>
     <span class='ocr_line' id='line_1_22' title="bbox 162 1637 1659 1696; baseline -0.005 -9"><span class='ocrx_word' id='word_1_179' title='bbox 162 1644 289 1686; x_wconf 83' lang='lat' dir='ltr'><em>huius</em></span> <span class='ocrx_word' id='word_1_180' title='bbox 328 1644 393 1687; x_wconf 87' lang='lat' dir='ltr'><em>rei</em></span> <span class='ocrx_word' id='word_1_181' title='bbox 433 1648 589 1687; x_wconf 90' lang='lat' dir='ltr'><em>certum</em></span> <span class='ocrx_word' id='word_1_182' title='bbox 638 1643 838 1685; x_wconf 89' lang='lat' dir='ltr'><em>habemus</em></span> <span class='ocrx_word' id='word_1_183' title='bbox 877 1645 1189 1696; x_wconf 73' lang='lat' dir='ltr'><em>aryumentum,</em></span> <span class='ocrx_word' id='word_1_184' title='bbox 1232 1638 1433 1692; x_wconf 79' lang='lat' dir='ltr'><em>quoniam</em></span> <span class='ocrx_word' id='word_1_185' title='bbox 1479 1637 1659 1680; x_wconf 79' lang='lat' dir='ltr'><em>Goldast</em></span> 
     </span>
     <span class='ocr_line' id='line_1_23' title="bbox 163 1698 1656 1757; baseline -0.005 -11"><span class='ocrx_word' id='word_1_186' title='bbox 163 1704 256 1746; x_wconf 85' lang='lat' dir='ltr'><em>sine</em></span> <span class='ocrx_word' id='word_1_187' title='bbox 287 1703 412 1746; x_wconf 91' lang='lat' dir='ltr'><em>dubio</em></span> <span class='ocrx_word' id='word_1_188' title='bbox 432 1702 677 1757; x_wconf 75' lang='lat' dir='ltr'><em>saepissime</em></span> <span class='ocrx_word' id='word_1_189' title='bbox 698 1701 912 1745; x_wconf 87' lang='lat' dir='ltr'><em>lectionem</em></span> <span class='ocrx_word' id='word_1_190' title='bbox 933 1700 1089 1744; x_wconf 89' lang='lat' dir='ltr'><em>codicis</em></span> <span class='ocrx_word' id='word_1_191' title='bbox 1109 1698 1372 1751; x_wconf 68' lang='lat' dir='ltr'><em>immutavit,-</em></span> <span class='ocrx_word' id='word_1_192' title='bbox 1403 1712 1496 1740; x_wconf 91' lang='lat' dir='ltr'><em>cum</em></span> <span class='ocrx_word' id='word_1_193' title='bbox 1518 1701 1656 1739; x_wconf 88' lang='lat' dir='ltr'><em>autem</em></span> 
     </span>
     <span class='ocr_line' id='line_1_24' title="bbox 163 1757 1659 1815; baseline -0.005 -10"><span class='ocrx_word' id='word_1_194' title='bbox 163 1762 382 1811; x_wconf 81' lang='lat' dir='ltr'><em>nonnullis</em></span> <span class='ocrx_word' id='word_1_195' title='bbox 407 1762 526 1815; x_wconf 87' lang='lat' dir='ltr'><em>locis,</em></span> <span class='ocrx_word' id='word_1_196' title='bbox 558 1761 687 1804; x_wconf 82' lang='lat' dir='ltr'><em>veluti</em></span> <span class='ocrx_word' id='word_1_197' title='bbox 717 1761 766 1803; x_wconf 89' lang='lat' dir='ltr'><em>in</em></span> <span class='ocrx_word' id='word_1_198' title='bbox 795 1760 1082 1814; x_wconf 78' lang='lat' dir='ltr'><em>inscriptione,</em></span> <span class='ocrx_word' id='word_1_199' title='bbox 1115 1760 1174 1801; x_wconf 89' lang='lat' dir='ltr'><em>ad</em></span> <span class='ocrx_word' id='word_1_200' title='bbox 1204 1758 1383 1801; x_wconf 85' lang='lat' dir='ltr'><em>codicem</em></span> <span class='ocrx_word' id='word_1_201' title='bbox 1413 1757 1458 1799; x_wconf 92' lang='lat' dir='ltr'><strong><em>B</em></strong></span> <span class='ocrx_word' id='word_1_202' title='bbox 1489 1757 1659 1799; x_wconf 82' lang='lat' dir='ltr'><em>accedat</em></span> 
     </span>
     <span class='ocr_line' id='line_1_25' title="bbox 154 1815 1658 1876; baseline -0.005 -11"><span class='ocrx_word' id='word_1_203' title='bbox 154 1821 336 1875; x_wconf 74' lang='lat' dir='ltr'><em>propius</em></span> <span class='ocrx_word' id='word_1_204' title='bbox 374 1836 501 1876; x_wconf 78' lang='lat' dir='ltr'><em>quam</em></span> <span class='ocrx_word' id='word_1_205' title='bbox 541 1822 600 1863; x_wconf 78' lang='lat' dir='ltr'><em>acl</em></span> <span class='ocrx_word' id='word_1_206' title='bbox 637 1821 699 1872; x_wconf 79' lang='lat' dir='ltr'><em>A,</em></span> <span class='ocrx_word' id='word_1_207' title='bbox 747 1820 846 1873; x_wconf 72' lang='lat' dir='ltr'><em>fleri</em></span> <span class='ocrx_word' id='word_1_208' title='bbox 877 1819 1066 1873; x_wconf 88' lang='lat' dir='ltr'><em>potuisse</em></span> <span class='ocrx_word' id='word_1_209' title='bbox 1106 1818 1258 1873; x_wconf 71' lang='lat' dir='ltr'><em>neyari</em></span> <span class='ocrx_word' id='word_1_210' title='bbox 1297 1816 1457 1870; x_wconf 78' lang='lat' dir='ltr'><em>nequit,</em></span> <span class='ocrx_word' id='word_1_211' title='bbox 1502 1820 1549 1858; x_wconf 91' lang='lat' dir='ltr'><em>ut</em></span> <span class='ocrx_word' id='word_1_212' title='bbox 1587 1815 1658 1857; x_wconf 84' lang='lat' dir='ltr'><em>ille</em></span> 
     </span>
    </p>

    <p class='ocr_par' dir='ltr' id='par_1_7' title="bbox 103 1875 1658 1983">
     <span class='ocr_line' id='line_1_26' title="bbox 103 1875 1658 1933; baseline -0.005 -10"><span class='ocrx_word' id='word_1_213' title='bbox 103 1897 139 1923; x_wconf 80' lang='lat'><em>25</em></span> <span class='ocrx_word' id='word_1_214' title='bbox 163 1881 285 1923; x_wconf 88' lang='lat' dir='ltr'><em>tertio</em></span> <span class='ocrx_word' id='word_1_215' title='bbox 310 1881 449 1924; x_wconf 89' lang='lat' dir='ltr'><em>codice</em></span> <span class='ocrx_word' id='word_1_216' title='bbox 478 1895 581 1923; x_wconf 85' lang='lat' dir='ltr'><em>usus</em></span> <span class='ocrx_word' id='word_1_217' title='bbox 611 1880 668 1923; x_wconf 91' lang='lat' dir='ltr'><em>sit</em></span> <span class='ocrx_word' id='word_1_218' title='bbox 676 1895 692 1933; x_wconf 90' lang='lat'><em>,·</em></span> <span class='ocrx_word' id='word_1_219' title='bbox 724 1893 808 1933; x_wconf 77' lang='lat' dir='ltr'><em>qua</em></span> <span class='ocrx_word' id='word_1_220' title='bbox 834 1881 884 1922; x_wconf 88' lang='lat' dir='ltr'><em>de</em></span> <span class='ocrx_word' id='word_1_221' title='bbox 909 1893 1039 1922; x_wconf 85' lang='lat' dir='ltr'><em>causa</em></span> <span class='ocrx_word' id='word_1_222' title='bbox 1064 1879 1127 1920; x_wconf 79' lang='lat' dir='ltr'><em>vel</em></span> <span class='ocrx_word' id='word_1_223' title='bbox 1152 1877 1293 1919; x_wconf 83' lang='lat' dir='ltr'><em>dubiis</em></span> <span class='ocrx_word' id='word_1_224' title='bbox 1317 1876 1419 1919; x_wconf 86' lang='lat' dir='ltr'><em>locis</em></span> <span class='ocrx_word' id='word_1_225' title='bbox 1444 1875 1658 1918; x_wconf 89' lang='lat' dir='ltr'><em>lectionem</em></span> 
     </span>
     <span class='ocr_line' id='line_1_27' title="bbox 163 1940 498 1983; baseline 0 -1"><span class='ocrx_word' id='word_1_226' title='bbox 163 1940 253 1982; x_wconf 86' lang='lat' dir='ltr'><em>eius</em></span> <span class='ocrx_word' id='word_1_227' title='bbox 284 1940 498 1983; x_wconf 86' lang='lat' dir='ltr'><em>adnotavi.</em></span> 
     </span>
    </p>

    <p class='ocr_par' dir='ltr' id='par_1_8' title="bbox 164 1994 1660 2166">
     <span class='ocr_line' id='line_1_28' title="bbox 313 1994 1659 2052; baseline -0.004 -11"><span class='ocrx_word' id='word_1_228' title='bbox 313 1999 470 2042; x_wconf 90' lang='lat' dir='ltr'><em>Omnia</em></span> <span class='ocrx_word' id='word_1_229' title='bbox 499 1999 587 2041; x_wconf 90' lang='lat' dir='ltr'><em>tria</em></span> <span class='ocrx_word' id='word_1_230' title='bbox 607 1998 866 2052; x_wconf 79' lang='lat' dir='ltr'><em>exemplaria</em></span> <span class='ocrx_word' id='word_1_231' title='bbox 887 2012 938 2040; x_wconf 76' lang='lat' dir='ltr'><em>ex</em></span> <span class='ocrx_word' id='word_1_232' title='bbox 958 1999 1097 2040; x_wconf 88' lang='lat' dir='ltr'><em>eodem</em></span> <span class='ocrx_word' id='word_1_233' title='bbox 1118 1996 1225 2038; x_wconf 85' lang='lat' dir='ltr'><em>libro</em></span> <span class='ocrx_word' id='word_1_234' title='bbox 1247 1995 1455 2049; x_wconf 75' lang='lat' dir='ltr'><em>oriyinem</em></span> <span class='ocrx_word' id='word_1_235' title='bbox 1476 1994 1659 2036; x_wconf 80' lang='lat' dir='ltr'><em>traxisse</em></span> 
     </span>
     <span class='ocr_line' id='line_1_29' title="bbox 164 2053 1659 2111; baseline -0.004 -11"><span class='ocrx_word' id='word_1_236' title='bbox 164 2057 373 2110; x_wconf 85' lang='lat' dir='ltr'><em>videntur,</em></span> <span class='ocrx_word' id='word_1_237' title='bbox 414 2072 534 2111; x_wconf 80' lang='lat' dir='ltr'><em>quem</em></span> <span class='ocrx_word' id='word_1_238' title='bbox 564 2057 780 2099; x_wconf 84' lang='lat' dir='ltr'><em>erroribus</em></span> <span class='ocrx_word' id='word_1_239' title='bbox 811 2057 999 2099; x_wconf 85' lang='lat' dir='ltr'><em>caruisse</em></span> <span class='ocrx_word' id='word_1_240' title='bbox 1037 2056 1111 2098; x_wconf 77' lang='lat' dir='ltr'><em>vix</em></span> <span class='ocrx_word' id='word_1_241' title='bbox 1142 2054 1410 2109; x_wconf 71' lang='lat' dir='ltr'><em>putaverim,-</em></span> <span class='ocrx_word' id='word_1_242' title='bbox 1449 2053 1659 2095; x_wconf 89' lang='lat' dir='ltr'><em>nonnulla</em></span> 
     </span>
     <span class='ocr_line' id='line_1_30' title="bbox 165 2112 1660 2166; baseline -0.003 -8"><span class='ocrx_word' id='word_1_243' title='bbox 165 2120 304 2159; x_wconf 88' lang='lat' dir='ltr'><em>autem</em></span> <span class='ocrx_word' id='word_1_244' title='bbox 349 2117 456 2159; x_wconf 84' lang='lat' dir='ltr'><em>vitia</em></span> <span class='ocrx_word' id='word_1_245' title='bbox 496 2116 661 2159; x_wconf 87' lang='lat' dir='ltr'><em>auctori</em></span> <span class='ocrx_word' id='word_1_246' title='bbox 701 2120 807 2159; x_wconf 86' lang='lat' dir='ltr'><em>certe</em></span> <span class='ocrx_word' id='word_1_247' title='bbox 851 2115 1079 2158; x_wconf 78' lang='lat' dir='ltr'><em>attribuere</em></span> <span class='ocrx_word' id='word_1_248' title='bbox 1122 2114 1228 2166; x_wconf 82' lang='lat' dir='ltr'><em>licet,</em></span> <span class='ocrx_word' id='word_1_249' title='bbox 1270 2113 1343 2166; x_wconf 82' lang='lat' dir='ltr'><em>qui</em></span> <span class='ocrx_word' id='word_1_250' title='bbox 1386 2126 1474 2155; x_wconf 86' lang='lat' dir='ltr'><em>non</em></span> <span class='ocrx_word' id='word_1_251' title='bbox 1516 2112 1660 2166; x_wconf 85' lang='lat' dir='ltr'><em>ampla</em></span> 
     </span>
    </p>

    <p class='ocr_par' dir='ltr' id='par_1_9' title="bbox 106 2170 1662 2467">
     <span class='ocr_line' id='line_1_31' title="bbox 106 2170 1662 2229; baseline -0.003 -12"><span class='ocrx_word' id='word_1_252' title='bbox 106 2191 142 2217; x_wconf 73' lang='lat' dir='ltr'><em>ao</em></span> <span class='ocrx_word' id='word_1_253' title='bbox 165 2179 259 2218; x_wconf 90' lang='lat' dir='ltr'><em>erat</em></span> <span class='ocrx_word' id='word_1_254' title='bbox 287 2175 515 2229; x_wconf 84' lang='lat' dir='ltr'><em>praeditus</em></span> <span class='ocrx_word' id='word_1_255' title='bbox 545 2174 723 2218; x_wconf 89' lang='lat' dir='ltr'><em>scientia</em></span> <span class='ocrx_word' id='word_1_256' title='bbox 754 2174 1005 2227; x_wconf 87' lang='lat' dir='ltr'><em>litterarum,</em></span> <span class='ocrx_word' id='word_1_257' title='bbox 1048 2188 1140 2216; x_wconf 86' lang='lat' dir='ltr'><em>cum</em></span> <span class='ocrx_word' id='word_1_258' title='bbox 1172 2187 1258 2215; x_wconf 90' lang='lat' dir='ltr'><em>non</em></span> <span class='ocrx_word' id='word_1_259' title='bbox 1288 2172 1411 2214; x_wconf 89' lang='lat' dir='ltr'><em>semel</em></span> <span class='ocrx_word' id='word_1_260' title='bbox 1442 2170 1662 2225; x_wconf 79' lang='lat' dir='ltr'><em>scripserit</em></span> 
     </span>
     <span class='ocr_line' id='line_1_32' title="bbox 166 2232 1658 2287; baseline -0.004 -9"><span class='ocrx_word' id='word_1_261' title='bbox 166 2238 318 2277; x_wconf 75' lang='lat' dir='ltr'><em>castra</em></span> <span class='ocrx_word' id='word_1_262' title='bbox 363 2238 559 2278; x_wconf 74' lang='lat' dir='ltr'><em>metasse</em></span> <span class='ocrx_word' id='word_1_263' title='bbox 605 2239 644 2276; x_wconf 90' lang='lat' dir='ltr'><em>et</em></span> <span class='ocrx_word' id='word_1_264' title='bbox 692 2233 869 2276; x_wconf 88' lang='lat' dir='ltr'><em>similia.</em></span> <span class='ocrx_word' id='word_1_265' title='bbox 944 2234 1059 2287; x_wconf 73' lang='lat' dir='ltr'><em>Quae</em></span> <span class='ocrx_word' id='word_1_266' title='bbox 1108 2233 1158 2275; x_wconf 91' lang='lat' dir='ltr'><em>in</em></span> <span class='ocrx_word' id='word_1_267' title='bbox 1204 2235 1395 2274; x_wconf 74' lang='lat' dir='ltr'><em>contextu</em></span> <span class='ocrx_word' id='word_1_268' title='bbox 1439 2232 1658 2273; x_wconf 83' lang='lat' dir='ltr'><em>verborum</em></span> 
     </span>
     <span class='ocr_line' id='line_1_33' title="bbox 166 2290 1658 2346; baseline -0.003 -10"><span class='ocrx_word' id='word_1_269' title='bbox 166 2298 280 2336; x_wconf 86' lang='lat' dir='ltr'><em>certa</em></span> <span class='ocrx_word' id='word_1_270' title='bbox 318 2294 484 2337; x_wconf 89' lang='lat' dir='ltr'><em>ratione</em></span> <span class='ocrx_word' id='word_1_271' title='bbox 524 2293 742 2336; x_wconf 89' lang='lat' dir='ltr'><em>emendari</em></span> <span class='ocrx_word' id='word_1_272' title='bbox 774 2297 985 2346; x_wconf 79' lang='lat' dir='ltr'><em>poterant,</em></span> <span class='ocrx_word' id='word_1_273' title='bbox 1028 2291 1313 2343; x_wconf 79' lang='lat' dir='ltr'><em>correximus,·</em></span> <span class='ocrx_word' id='word_1_274' title='bbox 1353 2291 1413 2333; x_wconf 88' lang='lat' dir='ltr'><em>ad</em></span> <span class='ocrx_word' id='word_1_275' title='bbox 1442 2290 1552 2333; x_wconf 89' lang='lat' dir='ltr'><em>locos</em></span> <span class='ocrx_word' id='word_1_276' title='bbox 1588 2291 1658 2332; x_wconf 89' lang='lat' dir='ltr'><em>du-</em></span> 
     </span>
     <span class='ocr_line' id='line_1_34' title="bbox 166 2349 1661 2407; baseline -0.003 -13"><span class='ocrx_word' id='word_1_277' title='bbox 166 2352 256 2395; x_wconf 90' lang='lat' dir='ltr'><em>bios</em></span> <span class='ocrx_word' id='word_1_278' title='bbox 286 2353 548 2396; x_wconf 83' lang='lat' dir='ltr'><em>coniecturas</em></span> <span class='ocrx_word' id='word_1_279' title='bbox 573 2352 817 2407; x_wconf 79' lang='lat' dir='ltr'><em>probabiles</em></span> <span class='ocrx_word' id='word_1_280' title='bbox 847 2351 895 2394; x_wconf 90' lang='lat' dir='ltr'><em>in</em></span> <span class='ocrx_word' id='word_1_281' title='bbox 927 2351 1202 2394; x_wconf 84' lang='lat' dir='ltr'><em>annotatione</em></span> <span class='ocrx_word' id='word_1_282' title='bbox 1224 2349 1537 2404; x_wconf 85' lang='lat' dir='ltr'><em>proposuimus.</em></span> <span class='ocrx_word' id='word_1_283' title='bbox 1600 2349 1661 2391; x_wconf 89' lang='lat' dir='ltr'><em>In</em></span> 
     </span>
     <span class='ocr_line' id='line_1_35' title="bbox 165 2408 1660 2467; baseline -0.002 -14"><span class='ocrx_word' id='word_1_284' title='bbox 165 2413 290 2455; x_wconf 86' lang='lat' dir='ltr'><em>rebus</em></span> <span class='ocrx_word' id='word_1_285' title='bbox 332 2411 667 2467; x_wconf 63' lang='lat' dir='ltr'><em>orthographicis</em></span> <span class='ocrx_word' id='word_1_286' title='bbox 706 2415 745 2454; x_wconf 89' lang='lat' dir='ltr'><em>et</em></span> <span class='ocrx_word' id='word_1_287' title='bbox 784 2410 1095 2465; x_wconf 75' lang='lat' dir='ltr'><em>distinyuendis</em></span> <span class='ocrx_word' id='word_1_288' title='bbox 1137 2409 1356 2452; x_wconf 83' lang='lat' dir='ltr'><em>sententiis</em></span> <span class='ocrx_word' id='word_1_289' title='bbox 1398 2409 1577 2452; x_wconf 90' lang='lat' dir='ltr'><em>codicem</em></span> <span class='ocrx_word' id='word_1_290' title='bbox 1616 2408 1660 2450; x_wconf 92' lang='lat' dir='ltr'><strong><em>A</em></strong></span> 
     </span>
    </p>

    <p class='ocr_par' dir='ltr' id='par_1_10' title="bbox 107 2467 1660 2644">
     <span class='ocr_line' id='line_1_36' title="bbox 107 2467 1659 2524; baseline -0.002 -12"><span class='ocrx_word' id='word_1_291' title='bbox 107 2486 142 2512; x_wconf 77' lang='lat'><em>35</em></span> <span class='ocrx_word' id='word_1_292' title='bbox 165 2471 489 2514; x_wconf 79' lang='lat' dir='ltr'><em>vetustissimum</em></span> <span class='ocrx_word' id='word_1_293' title='bbox 524 2472 615 2524; x_wconf 81' lang='lat' dir='ltr'><em>fere</em></span> <span class='ocrx_word' id='word_1_294' title='bbox 653 2475 817 2514; x_wconf 88' lang='lat' dir='ltr'><em>secutus</em></span> <span class='ocrx_word' id='word_1_295' title='bbox 852 2485 945 2513; x_wconf 88' lang='lat' dir='ltr'><em>sum</em></span> <span class='ocrx_word' id='word_1_296' title='bbox 954 2485 971 2524; x_wconf 79' lang='lat'><em>,·</em></span> <span class='ocrx_word' id='word_1_297' title='bbox 1001 2470 1316 2524; x_wconf 73' lang='lat' dir='ltr'><em>parayrapllos,</em></span> <span class='ocrx_word' id='word_1_298' title='bbox 1358 2469 1503 2522; x_wconf 78' lang='lat' dir='ltr'><em>quales</em></span> <span class='ocrx_word' id='word_1_299' title='bbox 1541 2467 1659 2510; x_wconf 88' lang='lat' dir='ltr'><em>insti-</em></span> 
     </span>
     <span class='ocr_line' id='line_1_37' title="bbox 167 2527 1660 2582; baseline -0.002 -10"><span class='ocrx_word' id='word_1_300' title='bbox 167 2530 248 2572; x_wconf 87' lang='lat' dir='ltr'><em>tuit</em></span> <span class='ocrx_word' id='word_1_301' title='bbox 286 2532 391 2573; x_wconf 91' lang='lat' dir='ltr'><em>bono</em></span> <span class='ocrx_word' id='word_1_302' title='bbox 429 2530 590 2573; x_wconf 86' lang='lat' dir='ltr'><em>iudicio</em></span> <span class='ocrx_word' id='word_1_303' title='bbox 631 2531 692 2572; x_wconf 87' lang='lat' dir='ltr'><em>K.</em></span> <span class='ocrx_word' id='word_1_304' title='bbox 734 2529 1005 2582; x_wconf 75' lang='lat' dir='ltr'><em>Mitllenhoff,</em></span> <span class='ocrx_word' id='word_1_305' title='bbox 1047 2529 1124 2572; x_wconf 88' lang='lat' dir='ltr'><em>etsi</em></span> <span class='ocrx_word' id='word_1_306' title='bbox 1166 2542 1253 2571; x_wconf 90' lang='lat' dir='ltr'><em>non</em></span> <span class='ocrx_word' id='word_1_307' title='bbox 1293 2528 1572 2570; x_wconf 84' lang='lat' dir='ltr'><em>inveniuntur</em></span> <span class='ocrx_word' id='word_1_308' title='bbox 1610 2527 1660 2569; x_wconf 91' lang='lat' dir='ltr'><em>in</em></span> 
     </span>
     <span class='ocr_line' id='line_1_38' title="bbox 167 2589 1060 2644; baseline 0 -14"><span class='ocrx_word' id='word_1_309' title='bbox 167 2589 291 2632; x_wconf 82' lang='lat' dir='ltr'><em>libris</em></span> <span class='ocrx_word' id='word_1_310' title='bbox 320 2589 503 2644; x_wconf 85' lang='lat' dir='ltr'><em>scriptis,</em></span> <span class='ocrx_word' id='word_1_311' title='bbox 535 2589 708 2632; x_wconf 87' lang='lat' dir='ltr'><em>retinui.</em></span> <span class='ocrx_word' id='word_1_312' title='bbox 1056 2627 1060 2630; x_wconf 87' lang='lat'>.</span> 
     </span>
    </p>

    <p class='ocr_par' dir='ltr' id='par_1_11' title="bbox 167 2646 1663 2760">
     <span class='ocr_line' id='line_1_39' title="bbox 311 2646 1663 2702; baseline -0.004 -11"><span class='ocrx_word' id='word_1_313' title='bbox 311 2649 379 2691; x_wconf 88' lang='lat' dir='ltr'><em>De</em></span> <span class='ocrx_word' id='word_1_314' title='bbox 409 2653 545 2691; x_wconf 84' lang='lat' dir='ltr'><em>aetate</em></span> <span class='ocrx_word' id='word_1_315' title='bbox 576 2648 763 2702; x_wconf 84' lang='lat' dir='ltr'><em>opusculi</em></span> <span class='ocrx_word' id='word_1_316' title='bbox 787 2662 932 2702; x_wconf 90' lang='lat' dir='ltr'><em>pauca</em></span> <span class='ocrx_word' id='word_1_317' title='bbox 962 2647 1143 2690; x_wconf 84' lang='lat' dir='ltr'><em>dicenda</em></span> <span class='ocrx_word' id='word_1_318' title='bbox 1172 2651 1283 2689; x_wconf 88' lang='lat' dir='ltr'><em>sunt.</em></span> <span class='ocrx_word' id='word_1_319' title='bbox 1348 2646 1561 2699; x_wconf 86' lang='lat' dir='ltr'><em>Scriptum</em></span> <span class='ocrx_word' id='word_1_320' title='bbox 1602 2649 1663 2687; x_wconf 89' lang='lat' dir='ltr'><em>est</em></span> 
     </span>
     <span class='ocr_line' id='line_1_40' title="bbox 167 2706 1660 2760; baseline -0.004 -9"><span class='ocrx_word' id='word_1_321' title='bbox 167 2713 264 2750; x_wconf 82' lang='lat' dir='ltr'><em>ante</em></span> <span class='ocrx_word' id='word_1_322' title='bbox 309 2708 521 2751; x_wconf 83' lang='lat' dir='ltr'><em>saeculum</em></span> <span class='ocrx_word' id='word_1_323' title='bbox 570 2707 725 2760; x_wconf 91' lang='lat' dir='ltr'><em>XIII,</em></span> <span class='ocrx_word' id='word_1_324' title='bbox 773 2721 854 2760; x_wconf 81' lang='lat' dir='ltr'><em>quo</em></span> <span class='ocrx_word' id='word_1_325' title='bbox 899 2707 1111 2759; x_wconf 79' lang='lat' dir='ltr'><em>confectus</em></span> <span class='ocrx_word' id='word_1_326' title='bbox 1155 2710 1214 2748; x_wconf 76' lang='lat' dir='ltr'><em>est</em></span> <span class='ocrx_word' id='word_1_327' title='bbox 1260 2707 1387 2748; x_wconf 70' lang='lat' dir='ltr'><em>codar</em></span> <span class='ocrx_word' id='word_1_328' title='bbox 1433 2706 1493 2757; x_wconf 77' lang='lat' dir='ltr'><em>A,</em></span> <span class='ocrx_word' id='word_1_329' title='bbox 1541 2718 1660 2758; x_wconf 76' lang='lat' dir='ltr'><em>quem</em></span> 
     </span>
    </p>
   </div>
   <div class='ocr_carea' id='block_1_3' title="bbox 109 2845 1660 3032">
    <p class='ocr_par' dir='ltr' id='par_1_12' title="bbox 109 2845 1660 3032">
     <span class='ocr_line' id='line_1_41' title="bbox 109 2845 1659 2891; baseline -0.002 -11"><span class='ocrx_word' id='word_1_330' title='bbox 109 2854 146 2880; x_wconf 71' lang='grc' dir='ltr'><em>ιο</em></span> <span class='ocrx_word' id='word_1_331' title='bbox 171 2848 207 2890; x_wconf 90' lang='grc'><em>1)</em></span> <span class='ocrx_word' id='word_1_332' title='bbox 236 2849 458 2890; x_wconf 82' lang='lat' dir='ltr'><em>‘Zeitschrift</em></span> <span class='ocrx_word' id='word_1_333' title='bbox 482 2849 546 2890; x_wconf 64' lang='lat' dir='ltr'><em>fiir</em></span> <span class='ocrx_word' id='word_1_334' title='bbox 571 2848 618 2884; x_wconf 91' lang='lat' dir='ltr'><em>D.</em></span> <span class='ocrx_word' id='word_1_335' title='bbox 643 2848 729 2883; x_wconf 71' lang='lat' dir='ltr'><em>Alt!</em></span> <span class='ocrx_word' id='word_1_336' title='bbox 752 2848 861 2889; x_wconf 86' lang='lat' dir='ltr'><em>XIX,</em></span> <span class='ocrx_word' id='word_1_337' title='bbox 885 2858 924 2891; x_wconf 83' lang='lat' dir='ltr'><em>p.</em></span> <span class='ocrx_word' id='word_1_338' title='bbox 949 2849 1018 2883; x_wconf 87' lang='lat'><em>130</em></span> <span class='ocrx_word' id='word_1_339' title='bbox 1034 2855 1106 2891; x_wconf 72' lang='lat' dir='ltr'><em>sqq.</em></span> <span class='ocrx_word' id='word_1_340' title='bbox 1204 2847 1242 2891; x_wconf 82' lang='lat'><em>2)</em></span> <span class='ocrx_word' id='word_1_341' title='bbox 1270 2846 1426 2880; x_wconf 84' lang='lat' dir='ltr'><em>Codicem</em></span> <span class='ocrx_word' id='word_1_342' title='bbox 1451 2845 1659 2878; x_wconf 77' lang='lat' dir='ltr'><em>Parisinum</em></span> 
     </span>
     <span class='ocr_line' id='line_1_42' title="bbox 170 2893 1660 2937; baseline -0.001 -10"><span class='ocrx_word' id='word_1_343' title='bbox 170 2894 264 2927; x_wconf 70' lang='lat' dir='ltr'><em>nihil</em></span> <span class='ocrx_word' id='word_1_344' title='bbox 286 2896 404 2937; x_wconf 81' lang='lat' dir='ltr'><em>facere</em></span> <span class='ocrx_word' id='word_1_345' title='bbox 427 2896 476 2930; x_wconf 82' lang='lat' dir='ltr'><em>ad</em></span> <span class='ocrx_word' id='word_1_346' title='bbox 504 2899 638 2930; x_wconf 76' lang='lat' dir='ltr'><em>tea-tum</em></span> <span class='ocrx_word' id='word_1_347' title='bbox 662 2895 918 2929; x_wconf 82' lang='lat' dir='ltr'><em>emendandum</em></span> <span class='ocrx_word' id='word_1_348' title='bbox 944 2894 1143 2936; x_wconf 69' lang='lat' dir='ltr'><em>affirmavit</em></span> <span class='ocrx_word' id='word_1_349' title='bbox 1167 2895 1277 2927; x_wconf 78' lang='lat' dir='ltr'><em>nimis</em></span> <span class='ocrx_word' id='word_1_350' title='bbox 1300 2903 1413 2927; x_wconf 75' lang='lat' dir='ltr'><em>severe</em></span> <span class='ocrx_word' id='word_1_351' title='bbox 1436 2893 1660 2935; x_wconf 74' lang='lat' dir='ltr'><em>Mic‘llenhoff,</em></span> 
     </span>
     <span class='ocr_line' id='line_1_43' title="bbox 171 2939 1658 3032; baseline -0.001 -57"><span class='ocrx_word' id='word_1_352' title='bbox 171 2940 443 3032; x_wconf 43' lang='lat' dir='ltr'><em>{agag-ish}</em></span> <span class='ocrx_word' id='word_1_353' title='bbox 466 2944 511 2979; x_wconf 91' lang='lat' dir='ltr'><em>D.</em></span> <span class='ocrx_word' id='word_1_354' title='bbox 535 2943 619 2979; x_wconf 66' lang='lat' dir='ltr'><em>Alc!</em></span> <span class='ocrx_word' id='word_1_355' title='bbox 642 2943 749 2986; x_wconf 87' lang='lat' dir='ltr'><em>XIX,</em></span> <span class='ocrx_word' id='word_1_356' title='bbox 771 2954 808 2987; x_wconf 83' lang='lat' dir='ltr'><em>p.</em></span> <span class='ocrx_word' id='word_1_357' title='bbox 830 2944 908 2978; x_wconf 80' lang='lat'><strong>1:32.</strong></span> <span class='ocrx_word' id='word_1_358' title='bbox 1005 2941 1042 2986; x_wconf 87' lang='lat'><em>3)</em></span> <span class='ocrx_word' id='word_1_359' title='bbox 1070 2942 1091 2976; x_wconf 89' lang='lat' dir='ltr'><em>l.</em></span> <span class='ocrx_word' id='word_1_360' title='bbox 1114 2943 1137 2977; x_wconf 78' lang='lat' dir='ltr'><em>l.</em></span> <span class='ocrx_word' id='word_1_361' title='bbox 1164 2941 1294 2983; x_wconf 88' lang='lat' dir='ltr'><em>XVII,</em></span> <span class='ocrx_word' id='word_1_362' title='bbox 1316 2952 1353 2984; x_wconf 84' lang='lat' dir='ltr'><em>p.</em></span> <span class='ocrx_word' id='word_1_363' title='bbox 1373 2943 1429 2975; x_wconf 85' lang='lat'><em>63.</em></span> <span class='ocrx_word' id='word_1_364' title='bbox 1526 2939 1563 2985; x_wconf 86' lang='lat'><em>4)</em></span> <span class='ocrx_word' id='word_1_365' title='bbox 1590 2940 1612 2975; x_wconf 85' lang='lat' dir='ltr'><em>l.</em></span> <span class='ocrx_word' id='word_1_366' title='bbox 1637 2940 1658 2974; x_wconf 89' lang='lat' dir='ltr'><em>l.</em></span> 
     </span>
    </p>
   </div>
  </div>
 </body>
</html>
