2034 3380
124 990 158 1015 10

124 1283 157 1309 15

122 1873 157 1899 25

123 2169 159 2196 ³0

123 2347 157 2373 ³5

124 2885 160 2910 45

381 322 568 359 RERUM
594 323 873 360 GESTARUM
897 322 1274 360 SAXONIGARUM
1299 325 1396 362 LIB.
1422 324 1476 362 H.
1627 326 1676 362 55

183 458 351 486 novum
385 446 547 487 ducem
563 445 579 470 ¹
608 446 654 486 in
688 445 803 486 solio
833 445 1006 487 ibidem
1047 447 1312 488 constructo
1328 447 1355 497 ²,
1397 460 1560 488 manus
1600 447 1670 489 ei⁸
1688 453 1768 489 936.

185 504 348 546 dantes
394 518 446 546 ac
493 504 631 546 fidem
677 503 949 558 pollicentes
989 517 1265 559 operamque
1311 519 1441 546 suam
1482 500 1669 547 contra,b

185 576 341 604 omnes
386 563 596 604 inimicos
642 563 920 618 spondentes
933 563 962 612 3,
1010 576 1135 605 more
1182 577 1264 605 suo
1310 564 1523 605 fecerunt
1570 579 1675 606 eum

184 635 351 676 regem.
414 621 535 663 Dum
577 634 631 663 ea
671 623 896 676 geruntur
926 636 954 663 a
985 622 1180 664 ducibus
1220 636 1272 664 ac
1314 625 1496 665 caetero
1537 624 1675 678 magi·

185 682 354 731 stratu,
413 681 623 735 pontifex
674 681 928 722 maximus⁴
978 695 1082 723 cum
1132 681 1345 723 universo
1401 682 1675 724 sacerdotali

183 739 343 781 ordine
375 741 422 781 et
461 739 587 780 omni
628 739 761 794 plebe
800 739 952 781 infra⁵
990 740 1066 781 111(Ξ
1105 740 1295 782 basilica
1334 740 1676 796 prestolabatur

183 798 517 853 processionem
547 799 656 840 novi
692 799 826 854 regis.
889 798 991 851 Quo
1031 800 1310 854 procedente
1350 800 1562 854 pontifex
1600 799 1674 841 ob-

181 858 282 898 vius
314 857 446 899 laeva
476 871 559 899 sua
591 854 855 900 dexteram(1
890 858 1045 913 tangit
1081 859 1214 913 regis,
1248 872 1420 913 suaque
1453 859 1667 901 dexterae

183 916 350 958 lituum
392 918 592 972 gestans,
634 917 757 959 linea
795 917 1000 968 indutus,
1042 918 1162 959 stola
1207 914 1514 973 planetaquef
1555 918 1674 959 infu—

182 975 319 1025 latus,
363 989 718 1031 progressusque
758 977 807 1017 in
847 977 1047 1018 medium
1088 990 1233 1031 usque
1271 977 1372 1018 fani
1412 977 1672 1027 subsistit&

183 1037 231 1076 et
269 1048 477 1077 reversus
519 1036 576 1076 ad
618 1035 860 1090 populum,
903 1036 983 1090 qui
1029 1032 1384 1078 circumstabath
1431 1059 1487 1064 —
1533 1032 1665 1078 nami

184 1098 317 1135 erant
348 1094 713 1136 deambulatoria
754 1095 878 1136 infra
916 1109 1144 1150 supraque
1184 1095 1233 1136 in
1272 1095 1354 1137 illa
1396 1095 1586 1137 basilica
1625 1096 1672 1137 in

182 1153 433 1194 rotundum
464 1153 592 1195 facta,
621 1176 692 1204 -—,
725 1167 816 1208 quo
847 1154 905 1195 ab
937 1155 1062 1195 omni
1093 1154 1266 1209 populo
1302 1155 1427 1196 cerni
1467 1151 1671 1209 possetk:

185 1211 295 1260 ‘En'‚
328 1211 492 1265 inquit,
528 1212 720 1254 ‘adduco
751 1213 880 1254 vobis
912 1227 939 1253 a
970 1213 1070 1255 Deo
1102 1213 1302 1255 electum
1333 1216 1381 1255 et
1421 1228 1449 1255 a
1489 1214 1673 1256 domino

181 1282 334 1312 rerum
365 1270 586 1313 Heinrico
627 1271 737 1312 olim
778 1272 1084 1327 designatum,
1125 1286 1248 1314 nunc
1280 1286 1387 1314 vero
1429 1286 1456 1313 a,
1495 1273 1673 1315 cunctis

181 1330 465 1384 principibus
495 1343 651 1385 regem
681 1331 860 1372 factum
883 1330 1145 1381 Oddonem;
1179 1332 1216 1372 si
1247 1331 1376 1373 vobis
1396 1331 1487 1373 ista
1508 1332 1673 1374 electio

182 1385 408 1443 placeatl,
458 1390 664 1431 dextris¹¹¹¹
703 1390 753 1431 in
800 1390 977 1432 caelum
1025 1390 1189 1432 levatis
1235 1391 1519 1445 significate'.
1598 1392 1673 1432 Ad

181 1449 295 1490 haec
326 1449 473 1490 omnis
504 1449 702 1504 populus
743 1449 965 1491 dextrasm
996 1450 1046 1490 in
1082 1449 1339 1492 excelsumn
1375 1450 1533 1492 levans
1570 1464 1672 1492 cum
1724 1465 1726 1467 ’

182 1507 380 1549 clamore
419 1507 602 1550 valido⁶
646 1508 873 1563 inprecati
914 1511 1023 1550 sunt
1068 1523 1287 1564 prospera
1330 1513 1476 1551 novo⁰
1524 1510 1632 1551 duci
1645 1510 1672 1549 1.

182 1566 381 1608 Proinde
432 1568 668 1621 proceditl'
720 1568 932 1623 pontifex
987 1582 1088 1609 cum
1142 1582 1250 1624 rege
1300 1569 1462 1610 tunica
1513 1569 1675 1611 stricta.

182 1639 307 1667 more
339 1626 644 1668 Francorum⁷
679 1627 872 1668 indutoq
908 1631 1054 1682 poner
1092 1627 1251 1677 altare,
1290 1642 1427 1682 super
1457 1628 1580 1682 quod
1610 1628 1674 1669 in-

183 1685 333 1739 signia
362 1685 538 1740 regalia
568 1686 720 1740 posita
751 1689 895 1736 erant,
930 1686 1111 1741 gladius
1144 1700 1245 1729 cum
1280 1687 1480 1737 balteos,
1515 1686 1674 1729 clamis

184 1757 287 1785 cum
320 1744 526 1795 armillis,
570 1745 762 1786 baculus
794 1759 897 1787 cum
930 1747 1110 1800 sceptro
1151 1760 1203 1787 ac
1245 1743 1543 1788 diademat·8.
1606 1745 1674 1787 Eo

182 1803 351 1858 quippe
390 1805 599 1858 tempore
647 1806 747 1846 erat
793 1817 997 1846 summus
1044 1805 1254 1860 pontifex
1299 1805 1484 1847 nomine
1525 1804 1674 1846 Hildi-

185 1862 421 1912 be'rhtusu,
455 1862 631 1904 Franco
663 1876 843 1917 genere,
877 1865 1128 1906 monachus
1151 1864 1446 1919 professione,
1469 1864 1674 1905 nutritus

181 1921 254 1963 vel
306 1922 469 1963 doctus
520 1922 568 1963 in
608 1922 761 1964 Vuldo
812 1923 1112 1974 monasterio,
1172 1926 1220 1965 et
1271 1924 1330 1965 ad
1380 1924 1430 1965 id
1489 1923 1674 1965 honoris

182 2061 211 2091 a)
230 2063 261 2086 et
280 2061 312 2086 C.
379 2061 410 2091 b)
429 2064 532 2087 contra
549 2069 606 2088 om.
626 2062 656 2089 C.
723 2063 751 2092 e)
768 2062 846 2087 infra
864 2062 1017 2087 basilicam
1037 2062 1099 2087 Bl.
1120 2063 1211 2087 Sua-o.
1279 2060 1310 2092 d)
1328 2062 1370 2086 sic
1388 2062 1425 2090 A.
1442 2062 1505 2089 ΒΞ.
1524 2062 1556 2087 0.
1576 2062 1675 2093 Saxo,-

184 2096 319 2122 dextram
338 2097 364 2121 Β
376 2097 411 2122 1?
483 2095 511 2129 e)
529 2098 570 2122 sio
587 2098 622 2124 Δ.
641 2097 702 2125 82.
721 2098 751 2125 0.
770 2098 868 2128 δατ-ο,-
888 2104 943 2125 om.
961 2098 1025 2122 Bl.
1104 2098 1128 2129 f)
1146 2097 1308 2130 plantaque
1327 2097 1389 2124 B2.
1420 2097 1505 2122 Hanc
1523 2098 1674 2122 verborum

183 2132 391 2157 distinctionem
416 2139 452 2157 ex
475 2133 556 2160 codd.
582 2133 641 2157 iam
662 2133 754 2157 Wm'tz
779 2133 891 2165 recepit.
931 2133 1034 2158 Frecht
1060 2133 1089 2157 in
1113 2133 1169 2158 ΒΞ
1195 2135 1220 2157 et
1245 2134 1320 2158 Anu.
1348 2133 1426 2158 Saxo
1452 2133 1676 2164 interpunctione

183 2170 298 2192 curent.-
322 2168 399 2193 linea
424 2166 547 2193 indutus
571 2169 648 2193 stola
672 2168 852 2200 planetaque
876 2168 1030 2194 infulatus.
1139 2170 1172 2201 g)
1198 2168 1332 2194 substitit
1356 2170 1400 2199 A,·
1427 2168 1563 2194 constitit
1587 2169 1675 2196 Saxo.

183 2203 214 2232 h)
241 2203 473 2229 circumstabant
492 2203 522 2229 0.
605 2203 626 2236 i)
651 2212 718 2229 nam
740 2211 796 2231 om.
817 2204 847 2231 C.
929 2204 959 2235 k)
984 2204 1077 2236 possit
1096 2204 1124 2230 C.
1206 2203 1228 2236 Ι)
1251 2204 1352 2236 placet
1370 2204 1474 2235 prima
1494 2211 1582 2228 manu
1600 2211 1676 2231 corr.

182 2238 301 2270 placeat
327 2239 357 2266 C.
465 2241 506 2270 m)
532 2240 574 2264 eie
596 2240 678 2266 codd.
702 2242 727 2264 et
752 2239 851 2272 ὃσα-ο,-
878 2239 916 2270 cf.
942 2247 1034 2272 supra
1058 2247 1085 2266 n.
1104 2237 1134 2266 d.
1158 2246 1184 2266 e.
1291 2238 1323 2271 n)
1350 2240 1382 2264 in
1406 2239 1503 2264 celum
1527 2239 1563 2266 A.
1587 2239 1675 2266 Saxo.

182 2275 213 2305 o)
236 2281 374 2305 nouoque
393 2274 425 2299 C.
504 2274 535 2307 p)
554 2275 688 2306 procedit
707 2275 836 2300 radendo
856 2282 932 2302 corr.
950 2275 1096 2307 processit
1114 2275 1145 2302 C.
1224 2273 1255 2307 q)
1280 2273 1388 2300 induta
1406 2275 1469 2300 Bl.
1546 2276 1573 2306 r)
1597 2282 1675 2307 poue

183 2309 246 2334 alfa
259 2317 347 2334 manu
359 2317 435 2335 corr.
448 2317 540 2341 penes
553 2310 586 2336 C.
647 2310 674 2343 s)
689 2310 809 2336 baltheo
822 2311 858 2338 A.
919 2309 943 2341 t)
955 2309 1126 2336 diademate
1139 2310 1166 2334 Β
1175 2310 1201 2338 2.
1214 2310 1303 2338 Saxo.
1366 2309 1399 2343 u)
1412 2308 1619 2336 hildeberhtus
1632 2312 1657 2336 A
1664 2319 1675 2341 ,-

182 2343 359 2371 hildibertus
378 2346 443 2373 151.
462 2346 490 2373 2.
510 2346 608 2377 ειη-ο,-
627 2346 793 2372 hilberhtus
814 2346 853 2377 C,·
872 2346 1040 2372 hillibertus
1060 2346 1238 2376 Thietmar.;
1256 2345 1400 2371 hiltibert.
1421 2346 1502 2371 Frut.

184 2451 219 2492 1)
247 2451 365 2485 Redde
389 2451 629 2488 ‘Her-rscher’.
725 2453 763 2496 2)
787 2452 840 2495 Cf.
868 2452 919 2487 St.
937 2453 1081 2495 Beissez,
1108 2453 1196 2486 ‘Der
1211 2452 1398 2486 Aaohenea·
1414 2451 1675 2495 Ko'niysstuhl’‚

185 2498 369 2533 ‘Zeitschr.
394 2499 429 2534 d.
455 2499 641 2532 Aachcmer
666 2498 954 2535 Geschichtsver!
978 2500 1049 2541 IX,
1076 2510 1116 2543 p.
1144 2501 1190 2535 14
1205 2510 1278 2543 sqq.
1376 2499 1412 2545 3)
1441 2499 1578 2533 Eadem
1603 2500 1677 2542 fere

183 2545 291 2578 verba
323 2547 429 2588 infra
461 2546 538 2588 III,
564 2547 619 2582 76.
653 2547 695 2580 de
727 2548 886 2581 electione
921 2546 1059 2580 Ottom's
1091 2547 1144 2582 II.
1196 2547 1253 2588 Cf.
1288 2546 1453 2590 Scaliger,
1483 2546 1616 2580 ‘Mittla
1640 2547 1675 2581 d.

183 2597 324 2627 oestem‘.
342 2592 444 2628 Ins-t!
461 2593 567 2635 XVI,
588 2604 628 2636 p.
647 2595 703 2629 68.
799 2594 839 2639 4)
862 2594 1158 2638 Ανεῆίερίεσῳαε
1182 2595 1416 2637 Moyuntinus
1440 2594 1678 2636 Hildibertus,

182 2640 246 2683 qui
276 2641 367 2673 sedit
400 2651 433 2675 a.
467 2642 672 2676 927—937.
792 2641 831 2687 5)
862 2641 1028 2675 Porticus
1060 2643 1100 2674 in
1133 2642 1260 2675 altiore
1293 2642 1364 2675 loco
1390 2642 1534 2685 positus
1565 2642 1681 2683 fuisse

182 2687 321 2720 videtur
344 2698 452 2731 quam
477 2688 635 2723 basilica.
694 2688 892 2730 Dammler,
926 2687 1017 2723 ‘Otto
1041 2689 1075 2724 d.
1103 2688 1180 2723 Gr!
1205 2699 1240 2732 p.
1266 2690 1325 2730 34,
1350 2699 1385 2724 n.
1411 2690 1454 2732 33
1490 2687 1676 2723 ‘Ze-‘tocha

182 2734 217 2768 d.
242 2734 354 2770 Aach.
383 2734 627 2770 Geschichtsv!
645 2735 715 2777 IX,
736 2747 775 2779 p.
795 2737 852 2779 17,
875 2747 910 2771 n.
930 2737 962 2771 1.
1059 2736 1097 2780 6)
1129 2736 1187 2777 Cf.
1210 2746 1329 2778 supra
1347 2746 1388 2779 p.
1411 2737 1469 2778 34,
1494 2736 1518 2771 l.
1542 2735 1587 2770 12
1602 2745 1680 2778 sq..-

184 2780 320 2816 dextris
358 2781 398 2816 in
438 2781 578 2817 caelum
620 2782 748 2817 levatis
787 2793 922 2817 nomen
962 2782 1049 2816 novi
1087 2782 1185 2827 regis
1226 2793 1309 2816 cum
1351 2782 1511 2817 clamore
1553 2780 1680 2816 valido

184 2828 381 2863 salutantes
413 2829 706 2873 frequentabant.
828 2829 864 2875 7)
900 2830 957 2871 Cf.
992 2840 1106 2874 supra
1136 2842 1174 2874 p.
1206 2831 1262 2873 13,
1292 2840 1328 2865 n.
1359 2831 1392 2866 6.
1512 2829 1550 2874 8)
1583 2829 1677 2866 Ibid.

180 2887 219 2920 p.
243 2877 302 2918 33,
326 2876 348 2911 l.
373 2878 398 2912 8
412 2887 486 2921 sqq.
