2034 3380
0 2257 3 2270 ,.
0 2043 22 2228 15:733?-

418 339 603 377 RERUM
628 340 911 377 GESTARUM
934 341 1311 379 SAXONIOARUM
1335 342 1433 381 LLB.
1457 343 1532 381 111.
1675 347 1723 383 85

293 481 424 539 [ADa
457 485 759 528 DOMINAM
794 482 1207 527 MAHTILDAMb
1239 487 1662 531 IMPERATORIS

321 544 546 586 FILIAM
577 543 752 586 LIBRI
782 544 993 586 TERTII
1023 544 1266 587 INCIPIT
1292 545 1632 602 PREFATIO}

374 626 769 678 Quemadmodum
810 627 927 669 caeli
965 629 1206 682 terraeque
1245 628 1402 678 facies,
1450 630 1714 671 hominumc

231 699 375 735 voces,
408 685 564 727 vultus
596 699 649 727 ac
681 699 829 728 mores
861 686 989 728 mille
1020 687 1168 728 modis
1206 688 1422 729 concordi
1464 688 1722 730 disoordia1

188 758 205 783 5
230 745 478 794 variantur,
521 745 600 786 sed
642 741 728 786 add
764 745 902 786 unius
942 745 1130 787 luminis
1171 759 1420 800 sensusque
1467 745 1717 788 ducatumd

230 803 317 844 Dei
354 805 521 845 cuncta
558 804 761 858 regentis
802 805 1093 859 providentia
1133 807 1374 860 coguntur,
1415 806 1484 847 ita
1524 806 1721 860 publicis

229 875 280 903 ac
328 862 518 916 privatis
563 863 700 904 rebus
751 863 944 905 intentis
994 864 1232 918 imperiale
1284 865 1445 915 decus,
1499 865 1621 919 quod
1672 868 1721 907 te

229 923 282 962 ut
322 922 656 963 serenissimum
702 922 992 976 splendorem
1033 936 1351 977 gemmamque
1391 923 1720 966 lucidissimam

229 981 400 1022 mundo
433 980 611 1029 effudit,
646 995 789 1022 unum
826 981 1032 1023 iustitiae
1072 983 1396 1024 moderamen²
1437 985 1506 1024 est
1546 997 1721 1024 norma—

170 1053 205 1076 10
228 1053 316 1092 que
362 1039 668 1081 rectitudinis.
746 1039 880 1082 Unde
927 1040 1097 1082 laboris
1142 1042 1289 1082 nostri
1335 1055 1472 1096 opus,
1526 1043 1648 1096 quod
1695 1056 1721 1083 a

230 1098 418 1139 diversis
466 1099 669 1140 moribus
716 1099 892 1141 diverse
939 1100 1164 1154 accipitur
1177 1099 1204 1150 3,
1254 1114 1307 1142 eo
1349 1101 1471 1154 quod
1512 1101 1713 1155 ingeni10

229 1157 540 1211 sermonisque
580 1157 793 1200 claritate
835 1161 987 1212 egeat,
1036 1159 1140 1200 sinu
1181 1159 1407 1213 gloriosae
1448 1159 1720 1201 clementiae

227 1218 336 1257 tuae
358 1217 647 1271 suscipiatur,
681 1217 836 1258 necin
868 1213 950 1259 eof
976 1219 1136 1259 nostra
1165 1218 1446 1272 insipientia,
1470 1219 1550 1260 sed
1576 1218 1722 1260 maior

228 1275 543 1317 consideretur
574 1275 771 1326 devotio,
805 1275 1045 1318 humiliter
1076 1277 1285 1331 deposco.

169 1371 202 1395 15
592 1353 931 1412 [EXPLICITg
965 1357 1083 1398 PRE
1090 1354 1355 1413 PHATIO].

609 1496 690 1553 [IN
695 1499 914 1542 CIPIUN
917 1500 952 1541 T
960 1495 981 1523 ¹¹
1018 1499 1343 1542 CAPITULA.

492 1581 530 1622 I.
584 1581 823 1632 Quomodo
870 1583 1043 1624 creavit
1087 1578 1189 1624 rexi
1242 1582 1390 1623 filium
1436 1595 1569 1624 suum
1617 1582 1720 1623 Liu-

585 1640 767 1681 dulfum
799 1643 902 1695 post
934 1655 981 1682 se
1012 1654 1181 1694 regem.

465 1699 529 1739 II.
583 1699 654 1741 De
677 1695 860 1740 Galliak
888 1700 1174 1755 profectione
1200 1701 1247 1741 et
1272 1699 1573 1741 altercatione
1598 1700 1719 1754 regis

167 1771 203 1795 20
584 1760 631 1799 et
663 1758 875 1813 Hugonis
908 1758 1038 1800 ducis
1069 1760 1116 1800 et
1146 1771 1254 1812 rege
1285 1758 1540 1800 Luthwico.

438 1816 532 1858 III.
585 1816 824 1868 Quomodo
856 1831 937 1859 rex
967 1817 1242 1859 Lucdunum
1275 1817 1404 1858 adiit.

407 1875 527 1916 IIII.
581 1874 820 1927 Quomodo
851 1875 1040 1918 Rothun
1083 1876 1199 1917 adiit
1239 1878 1286 1918 et
1323 1876 1432 1917 inde
1474 1875 1718 1918 Saxoniam

582 1948 790 1976 reversus
822 1937 906 1976 est.

474 1992 529 2033 V.
582 1989 845 2045 Quomodol
895 1993 1036 2048 Huga
1082 1994 1282 2035 occurrit
1326 1994 1426 2048 regi
1470 1993 1601 2034 iuxta
1639 1993 1718 2034 flu-

168 2064 201 2089 25
581 2051 706 2092 vium
739 2051 840 2093 Car.

449 2110 532 2151 VI.
584 2110 654 2152 De
695 2110 917 2152 Liudulfo
957 2111 1053 2152 filio
1090 2111 1223 2165 regis,
1265 2110 1493 2164 quomodo
1530 2110 1718 2152 Italiam

583 2169 713 2210 adiit.

420 2227 528 2269 VII.
581 2228 652 2270 De
685 2228 938 2270 Bernhario
970 2241 1076 2282 rege
1108 2228 1530 2283 Longabardorum,

393 2286 528 2328 VIII.
582 2286 821 2338 Quomodo
853 2301 932 2329 rex
964 2287 1096 2329 duxit
1118 2288 1369 2329 exercitum
1392 2289 1554 2328 contra
1575 2286 1718 2328 Boliz-

168 2358 202 2383 30
581 2346 750 2387 lavum.

333 2404 531 2446 VIIII.m
583 2404 822 2456 Quomodo
867 2419 947 2447 rex
992 2405 1227 2460 reginamu
1276 2404 1363 2447 sibi
1409 2405 1622 2455 sociavit,
1672 2407 1718 2446 et

581 2464 830 2506 Liudulfus
861 2464 965 2506 ideo
996 2465 1143 2506 tristis
1173 2464 1309 2506 inde⁰
1342 2463 1551 2505 discedit.

227 2601 257 2630 a)
289 2600 330 2624 sie
357 2600 394 2630 G,-
428 2599 571 2632 Prologus
598 2601 630 2626 in
663 2601 771 2626 librum
805 2602 928 2627 tercium
961 2602 1051 2627 mim‘o
1079 2604 1123 2632 A:
1154 2601 1352 2627 EPISTOLA
1380 2601 1635 2627 VVITICHINDI
1662 2601 1718 2626 AD

226 2634 413 2661 REGINAM
427 2635 604 2661 MAthildim
618 2635 735 2661 ottonis
747 2637 938 2668 Imperatoris
957 2637 1048 2663 filiam
1066 2638 1129 2665 ΒΞ.
1160 2638 1240 2663 Haec
1260 2638 1358 2663 omm'a
1376 2638 1477 2662 desunt
1495 2637 1555 2663 Bl.
1628 2635 1659 2667 b)
1677 2637 1718 2661 eie

168 2671 202 2698 35
226 2671 255 2698 h.
274 2671 292 2698 l.
312 2671 343 2698 C.
426 2672 453 2700 c)
477 2671 610 2696 homines
630 2671 655 2696 B
667 2673 693 2697 1.
778 2670 809 2703 d)
828 2670 881 2697 sed
899 2672 987 2698 unius
1005 2673 1076 2700 lum.
1094 2680 1170 2700 sens,
1189 2673 1298 2698 ducatu
1317 2673 1347 2698 C.
1433 2675 1460 2703 e)
1481 2670 1664 2705 in-ssingenii
1682 2673 1718 2698 A.

227 2705 255 2738 f)
279 2706 321 2731 sic
339 2706 382 2737 A,-
407 2713 444 2732 ea
461 2707 523 2734 Bl.
541 2706 567 2734 2.
586 2707 617 2732 0.
708 2706 740 2739 g)
765 2707 919 2739 explicipit
943 2708 982 2738 C,·
1006 2707 1139 2740 Explicit
1162 2708 1303 2740 prologus
1325 2708 1360 2735 A.
1396 2707 1476 2732 Haec
1494 2707 1595 2732 desunt
1611 2707 1674 2732 Bl.
1692 2707 1718 2733 2.

226 2740 259 2774 h)
277 2741 347 2767 haec
364 2742 484 2773 praebet
508 2742 588 2767 solus
612 2741 644 2769 C.
732 2742 754 2774 i)
778 2749 833 2768 rex
850 2745 919 2774 poet
944 2743 1012 2771 add.
1034 2744 1066 2771 C.
1156 2743 1188 2774 k)
1212 2744 1253 2769 sic
1273 2743 1308 2774 C,
1329 2743 1348 2770 i.
1367 2749 1390 2768 e.
1409 2742 1540 2774 Gallicam
1563 2742 1600 2772 cr.
1618 2750 1651 2774 p.
1670 2742 1717 2774 88,

227 2777 247 2803 l.
274 2777 319 2804 24.
426 2777 449 2808 l)
479 2776 615 2808 Quomod
643 2778 673 2804 Ο.
779 2779 820 2808 m)
842 2777 909 2805 vn.
937 2785 1014 2806 corr.
1035 2779 1136 2807 V1111.
1163 2778 1199 2810 C',
1228 2779 1259 2803 11
1286 2785 1443 2809 super-scr„
1472 2780 1497 2802 et
1524 2778 1568 2802 ita
1594 2778 1718 2809 saepius,

227 2811 259 2843 n)
278 2812 396 2843 reginas
415 2813 445 2841 C,
517 2815 546 2844 ο)
564 2820 620 2845 seq.
639 2815 655 2838 6
675 2814 787 2838 litterae
805 2819 907 2838 erasae
925 2814 956 2841 0.

169 2937 205 2962 40
230 2926 266 2972 1)
297 2927 353 2969 Cf.
378 2939 496 2972 supra
520 2941 559 2973 p.
587 2932 643 2974 10,
676 2930 697 2966 l.
724 2932 756 2966 5.
790 2932 822 2966 9.
855 2934 885 2963 et
914 2941 950 2966 n.
979 2932 1009 2966 1.
1121 2930 1158 2974 2)
1194 2930 1332 2966 laveno.
1359 2930 1411 2973 H,
1441 2940 1471 2966 v.
1498 2931 1588 2966 575:
1621 2928 1716 2963 iusto

228 2973 478 3011 moderamine
502 2976 604 3022 legis.
701 2978 737 3022 3)
766 2978 823 3019 Cf.
849 2979 890 3011 de
915 2977 979 3011 hoc
1005 2978 1077 3011 loco
1095 2978 1260 3021 praefat.
