<?xml version="1.0" encoding="UTF-8"?>
<!DOCTYPE html PUBLIC "-//W3C//DTD XHTML 1.0 Transitional//EN"
    "http://www.w3.org/TR/xhtml1/DTD/xhtml1-transitional.dtd">
<html xmlns="http://www.w3.org/1999/xhtml" xml:lang="en" lang="en">
 <head>
  <title>
</title>
<meta http-equiv="Content-Type" content="text/html;charset=utf-8" />
  <meta name='ocr-system' content='tesseract 3.04.00' />
  <meta name='ocr-capabilities' content='ocr_page ocr_carea ocr_par ocr_line ocrx_word'/>
</head>
<body>
  <div class='ocr_page' id='page_1' title='image "./rerumgestarumsax00widuuoft_0054.png"; bbox 0 0 2034 3380; ppageno 0'>
   <div class='ocr_carea' id='block_1_1' title="bbox 365 313 1249 351">
    <p class='ocr_par' dir='ltr' id='par_1_1' title="bbox 365 313 1249 351">
     <span class='ocr_line' id='line_1_1' title="bbox 365 313 1249 351; baseline -0.002 0"><span class='ocrx_word' id='word_1_1' title='bbox 365 317 407 351; x_wconf 82' lang='grc'>16</span> <span class='ocrx_word' id='word_1_2' title='bbox 957 313 1249 350; x_wconf 88' lang='lat' dir='ltr'><strong>WIDUKINDI</strong></span> 
     </span>
    </p>
   </div>
   <div class='ocr_carea' id='block_1_2' title="bbox 348 435 1846 2314">
    <p class='ocr_par' dir='ltr' id='par_1_2' title="bbox 362 435 1846 653">
     <span class='ocr_line' id='line_1_2' title="bbox 362 435 1843 493; baseline 0.003 -17"><span class='ocrx_word' id='word_1_3' title='bbox 362 436 475 488; x_wconf 78' lang='lat' dir='ltr'>fug-a</span> <span class='ocrx_word' id='word_1_4' title='bbox 506 435 702 477; x_wconf 87' lang='lat' dir='ltr'>salutem</span> <span class='ocrx_word' id='word_1_5' title='bbox 724 435 955 489; x_wconf 86' lang='lat' dir='ltr'>quaerite&#39;.</span> <span class='ocrx_word' id='word_1_6' title='bbox 1009 436 1126 478; x_wconf 84' lang='lat' dir='ltr'>Saxo</span> <span class='ocrx_word' id='word_1_7' title='bbox 1149 437 1306 478; x_wconf 82' lang='lat' dir='ltr'>statim</span> <span class='ocrx_word' id='word_1_8' title='bbox 1330 437 1545 479; x_wconf 87' lang='lat' dir='ltr'>emittens</span> <span class='ocrx_word' id='word_1_9' title='bbox 1566 438 1843 493; x_wconf 72' lang='lat' dir='ltr'>accipitrem,</span> 
     </span>
     <span class='ocr_line' id='line_1_3' title="bbox 362 494 1846 549; baseline 0.003 -14"><span class='ocrx_word' id='word_1_10' title='bbox 362 494 493 535; x_wconf 86' lang='lat' dir='ltr'>sociis</span> <span class='ocrx_word' id='word_1_11' title='bbox 548 494 739 536; x_wconf 78' lang='lat' dir='ltr'>retulita</span> <span class='ocrx_word' id='word_1_12' title='bbox 795 508 911 549; x_wconf 86' lang='lat' dir='ltr'>quae</span> <span class='ocrx_word' id='word_1_13' title='bbox 966 495 1156 537; x_wconf 89' lang='lat' dir='ltr'>audivit.</span> <span class='ocrx_word' id='word_1_14' title='bbox 1239 495 1318 536; x_wconf 87' lang='lat' dir='ltr'>Illi</span> <span class='ocrx_word' id='word_1_15' title='bbox 1370 496 1480 537; x_wconf 88' lang='lat' dir='ltr'>satis</span> <span class='ocrx_word' id='word_1_16' title='bbox 1531 497 1747 538; x_wconf 90' lang='lat' dir='ltr'>commoti</span> <span class='ocrx_word' id='word_1_17' title='bbox 1796 499 1846 539; x_wconf 90' lang='lat' dir='ltr'>in</span> 
     </span>
     <span class='ocr_line' id='line_1_4' title="bbox 362 549 1844 610; baseline 0.003 -17"><span class='ocrx_word' id='word_1_18' title='bbox 362 549 604 608; x_wconf 82' lang='lat' dir='ltr'>promptub</span> <span class='ocrx_word' id='word_1_19' title='bbox 641 567 734 595; x_wconf 92' lang='lat' dir='ltr'>non</span> <span class='ocrx_word' id='word_1_20' title='bbox 774 554 1088 603; x_wconf 71' lang='lat' dir='ltr'>inveniebant,</span> <span class='ocrx_word' id='word_1_21' title='bbox 1138 554 1248 608; x_wconf 91' lang='lat' dir='ltr'>quid</span> <span class='ocrx_word' id='word_1_22' title='bbox 1289 568 1424 609; x_wconf 86' lang='lat' dir='ltr'>super</span> <span class='ocrx_word' id='word_1_23' title='bbox 1464 555 1551 596; x_wconf 88' lang='lat' dir='ltr'>hoc</span> <span class='ocrx_word' id='word_1_24' title='bbox 1592 568 1727 610; x_wconf 86' lang='lat' dir='ltr'>agere</span> <span class='ocrx_word' id='word_1_25' title='bbox 1774 556 1844 598; x_wconf 86' lang='lat' dir='ltr'>de-</span> 
     </span>
     <span class='ocr_line' id='line_1_5' title="bbox 364 612 609 653; baseline -0.004 0"><span class='ocrx_word' id='word_1_26' title='bbox 364 612 568 653; x_wconf 89' lang='lat' dir='ltr'>buissent</span> <span class='ocrx_word' id='word_1_27' title='bbox 582 612 609 652; x_wconf 78' lang='lat'>1.</span> 
     </span>
    </p>

    <p class='ocr_par' dir='ltr' id='par_1_3' title="bbox 348 671 1845 2314">
     <span class='ocr_line' id='line_1_6' title="bbox 503 671 1845 726; baseline 0.002 -14"><span class='ocrx_word' id='word_1_28' title='bbox 503 671 616 712; x_wconf 68' lang='grc' dir='ltr'>ΧΙ.(3</span> <span class='ocrx_word' id='word_1_29' title='bbox 669 671 787 714; x_wconf 81' lang='lat' dir='ltr'>Erat</span> <span class='ocrx_word' id='word_1_30' title='bbox 820 673 973 713; x_wconf 89' lang='lat' dir='ltr'>autem</span> <span class='ocrx_word' id='word_1_31' title='bbox 1004 673 1117 713; x_wconf 90' lang='lat' dir='ltr'>tunc</span> <span class='ocrx_word' id='word_1_32' title='bbox 1148 672 1197 712; x_wconf 94' lang='lat' dir='ltr'>in</span> <span class='ocrx_word' id='word_1_33' title='bbox 1230 672 1389 714; x_wconf 86' lang='lat' dir='ltr'>castris</span> <span class='ocrx_word' id='word_1_34' title='bbox 1421 673 1606 726; x_wconf 84' lang='lat' dir='ltr'>quidam</span> <span class='ocrx_word' id='word_1_35' title='bbox 1639 673 1695 714; x_wconf 88' lang='lat' dir='ltr'>de</span> <span class='ocrx_word' id='word_1_36' title='bbox 1726 675 1845 715; x_wconf 88' lang='lat' dir='ltr'>vete-</span> 
     </span>
     <span class='ocr_line' id='line_1_7' title="bbox 360 726 1843 779; baseline 0.001 -8"><span class='ocrx_word' id='word_1_37' title='bbox 360 730 482 771; x_wconf 87' lang='lat' dir='ltr'>ranis</span> <span class='ocrx_word' id='word_1_38' title='bbox 514 726 766 771; x_wconf 72' lang='lat' dir='ltr'>militibusd</span> <span class='ocrx_word' id='word_1_39' title='bbox 800 731 890 772; x_wconf 82' lang='lat' dir='ltr'>iam</span> <span class='ocrx_word' id='word_1_40' title='bbox 923 730 1084 779; x_wconf 88' lang='lat' dir='ltr'>senior,</span> <span class='ocrx_word' id='word_1_41' title='bbox 1118 732 1196 773; x_wconf 90' lang='lat' dir='ltr'>sed</span> <span class='ocrx_word' id='word_1_42' title='bbox 1229 731 1365 773; x_wconf 87' lang='lat' dir='ltr'>viridi</span> <span class='ocrx_word' id='word_1_43' title='bbox 1396 732 1661 773; x_wconf 80' lang='lat' dir='ltr'>senectute²</span> <span class='ocrx_word' id='word_1_44' title='bbox 1692 732 1843 774; x_wconf 87' lang='lat' dir='ltr'>adhuc</span> 
     </span>
     <span class='ocr_line' id='line_1_8' title="bbox 360 788 1841 845; baseline 0.001 -15"><span class='ocrx_word' id='word_1_45' title='bbox 360 788 536 843; x_wconf 86' lang='lat' dir='ltr'>vigens,</span> <span class='ocrx_word' id='word_1_46' title='bbox 589 789 668 843; x_wconf 91' lang='lat' dir='ltr'>qui</span> <span class='ocrx_word' id='word_1_47' title='bbox 719 789 882 831; x_wconf 86' lang='lat' dir='ltr'>merito</span> <span class='ocrx_word' id='word_1_48' title='bbox 936 789 1157 830; x_wconf 88' lang='lat' dir='ltr'>bonarum</span> <span class='ocrx_word' id='word_1_49' title='bbox 1203 790 1427 831; x_wconf 85' lang='lat' dir='ltr'>virtutum</span> <span class='ocrx_word' id='word_1_50' title='bbox 1478 792 1609 845; x_wconf 86' lang='lat' dir='ltr'>pater</span> <span class='ocrx_word' id='word_1_51' title='bbox 1661 792 1841 845; x_wconf 89' lang='lat' dir='ltr'>patrum</span> 
     </span>
     <span class='ocr_line' id='line_1_9' title="bbox 360 847 1840 904; baseline 0.001 -15"><span class='ocrx_word' id='word_1_52' title='bbox 360 847 609 897; x_wconf 72' lang='lat' dir='ltr'>dicebatur,</span> <span class='ocrx_word' id='word_1_53' title='bbox 643 848 826 889; x_wconf 89' lang='lat' dir='ltr'>nomine</span> <span class='ocrx_word' id='word_1_54' title='bbox 860 847 1186 901; x_wconf 69' lang='lat' dir='ltr'>Hathagat⁸·3.</span> <span class='ocrx_word' id='word_1_55' title='bbox 1254 848 1344 890; x_wconf 86' lang='lat' dir='ltr'>Hic</span> <span class='ocrx_word' id='word_1_56' title='bbox 1385 849 1605 903; x_wconf 85' lang='lat' dir='ltr'>arripiens</span> <span class='ocrx_word' id='word_1_57' title='bbox 1646 850 1840 904; x_wconf 88' lang='lat' dir='ltr'>signum,</span> 
     </span>
     <span class='ocr_line' id='line_1_10' title="bbox 359 906 1842 961; baseline 0.001 -13"><span class='ocrx_word' id='word_1_58' title='bbox 359 907 479 960; x_wconf 87' lang='lat' dir='ltr'>quod</span> <span class='ocrx_word' id='word_1_59' title='bbox 513 907 635 961; x_wconf 88' lang='lat' dir='ltr'>apud</span> <span class='ocrx_word' id='word_1_60' title='bbox 667 920 743 948; x_wconf 88' lang='lat' dir='ltr'>eos</span> <span class='ocrx_word' id='word_1_61' title='bbox 776 906 1032 948; x_wconf 85' lang='lat' dir='ltr'>habebatur</span> <span class='ocrx_word' id='word_1_62' title='bbox 1063 920 1254 957; x_wconf 85' lang='lat' dir='ltr'>sacrum,</span> <span class='ocrx_word' id='word_1_63' title='bbox 1287 907 1432 949; x_wconf 90' lang='lat' dir='ltr'>leonis</span> <span class='ocrx_word' id='word_1_64' title='bbox 1463 909 1601 961; x_wconf 85' lang='lat' dir='ltr'>atque</span> <span class='ocrx_word' id='word_1_65' title='bbox 1634 908 1842 950; x_wconf 85' lang='lat' dir='ltr'>draconis</span> 
     </span>
     <span class='ocr_line' id='line_1_11' title="bbox 359 965 1841 1022; baseline 0.001 -15"><span class='ocrx_word' id='word_1_66' title='bbox 359 967 406 1007; x_wconf 87' lang='lat' dir='ltr'>et</span> <span class='ocrx_word' id='word_1_67' title='bbox 456 966 650 1020; x_wconf 82' lang='lat' dir='ltr'>desuper</span> <span class='ocrx_word' id='word_1_68' title='bbox 701 965 881 1018; x_wconf 84' lang='lat' dir='ltr'>aquilae</span> <span class='ocrx_word' id='word_1_69' title='bbox 931 965 1130 1006; x_wconf 88' lang='lat' dir='ltr'>volantis</span> <span class='ocrx_word' id='word_1_70' title='bbox 1181 965 1451 1020; x_wconf 85' lang='lat' dir='ltr'>insignitum</span> <span class='ocrx_word' id='word_1_71' title='bbox 1504 966 1658 1020; x_wconf 87' lang='lat' dir='ltr'>effigie</span> <span class='ocrx_word' id='word_1_72' title='bbox 1670 967 1699 1018; x_wconf 75' lang='lat'>4,</span> <span class='ocrx_word' id='word_1_73' title='bbox 1752 980 1841 1022; x_wconf 92' lang='lat' dir='ltr'>quo</span> 
     </span>
     <span class='ocr_line' id='line_1_12' title="bbox 359 1023 1842 1079; baseline 0.001 -14"><span class='ocrx_word' id='word_1_74' title='bbox 359 1026 612 1066; x_wconf 85' lang='lat' dir='ltr'>ostentaret</span> <span class='ocrx_word' id='word_1_75' title='bbox 642 1023 931 1065; x_wconf 86' lang='lat' dir='ltr'>fortitudinis</span> <span class='ocrx_word' id='word_1_76' title='bbox 963 1025 1100 1078; x_wconf 86' lang='lat' dir='ltr'>atque</span> <span class='ocrx_word' id='word_1_77' title='bbox 1132 1025 1404 1079; x_wconf 85' lang='lat' dir='ltr'>prudentiae</span> <span class='ocrx_word' id='word_1_78' title='bbox 1436 1026 1483 1066; x_wconf 87' lang='lat' dir='ltr'>et</span> <span class='ocrx_word' id='word_1_79' title='bbox 1514 1038 1670 1066; x_wconf 86' lang='lat' dir='ltr'>earum</span> <span class='ocrx_word' id='word_1_80' title='bbox 1690 1039 1842 1067; x_wconf 87' lang='lat' dir='ltr'>rerum</span> 
     </span>
     <span class='ocr_line' id='line_1_13' title="bbox 359 1078 1842 1137; baseline 0.003 -14"><span class='ocrx_word' id='word_1_81' title='bbox 359 1083 626 1133; x_wconf 86' lang='lat' dir='ltr'>efficatiam,</span> <span class='ocrx_word' id='word_1_82' title='bbox 675 1078 750 1124; x_wconf 81' lang='lat' dir='ltr'>etf</span> <span class='ocrx_word' id='word_1_83' title='bbox 790 1084 920 1124; x_wconf 90' lang='lat' dir='ltr'>motu</span> <span class='ocrx_word' id='word_1_84' title='bbox 967 1083 1167 1137; x_wconf 85' lang='lat' dir='ltr'>corporis</span> <span class='ocrx_word' id='word_1_85' title='bbox 1211 1083 1382 1125; x_wconf 78' lang='lat' dir='ltr'>animig</span> <span class='ocrx_word' id='word_1_86' title='bbox 1422 1084 1726 1125; x_wconf 83' lang='lat' dir='ltr'>constantiam</span> <span class='ocrx_word' id='word_1_87' title='bbox 1771 1085 1842 1127; x_wconf 89' lang='lat' dir='ltr'>de-</span> 
     </span>
     <span class='ocr_line' id='line_1_14' title="bbox 359 1136 1842 1197; baseline 0.002 -15"><span class='ocrx_word' id='word_1_88' title='bbox 359 1141 536 1183; x_wconf 85' lang='lat' dir='ltr'>clarans</span> <span class='ocrx_word' id='word_1_89' title='bbox 569 1141 680 1183; x_wconf 76' lang='lat' dir='ltr'>*ait:</span> <span class='ocrx_word' id='word_1_90' title='bbox 717 1136 1009 1195; x_wconf 75' lang='lat' dir='ltr'>‘Hucusqueh</span> <span class='ocrx_word' id='word_1_91' title='bbox 1041 1142 1163 1183; x_wconf 87' lang='lat' dir='ltr'>inter</span> <span class='ocrx_word' id='word_1_92' title='bbox 1194 1143 1391 1197; x_wconf 89' lang='lat' dir='ltr'>optimos</span> <span class='ocrx_word' id='word_1_93' title='bbox 1423 1142 1622 1184; x_wconf 81' lang='lat' dir='ltr'>Saxones</span> <span class='ocrx_word' id='word_1_94' title='bbox 1652 1143 1757 1193; x_wconf 86' lang='lat' dir='ltr'>vixi,</span> <span class='ocrx_word' id='word_1_95' title='bbox 1795 1146 1842 1186; x_wconf 87' lang='lat' dir='ltr'>et</span> 
     </span>
     <span class='ocr_line' id='line_1_15' title="bbox 358 1200 1840 1256; baseline 0.002 -15"><span class='ocrx_word' id='word_1_96' title='bbox 358 1201 416 1242; x_wconf 86' lang='lat' dir='ltr'>ad</span> <span class='ocrx_word' id='word_1_97' title='bbox 457 1201 576 1242; x_wconf 87' lang='lat' dir='ltr'>hanc</span> <span class='ocrx_word' id='word_1_98' title='bbox 615 1201 714 1242; x_wconf 81' lang='lat' dir='ltr'>fere</span> <span class='ocrx_word' id='word_1_99' title='bbox 754 1200 966 1241; x_wconf 82' lang='lat' dir='ltr'>ultimam</span> <span class='ocrx_word' id='word_1_100' title='bbox 1007 1202 1291 1243; x_wconf 87' lang='lat' dir='ltr'>senectutem</span> <span class='ocrx_word' id='word_1_101' title='bbox 1332 1203 1458 1243; x_wconf 86' lang='lat' dir='ltr'>aetas</span> <span class='ocrx_word' id='word_1_102' title='bbox 1499 1215 1571 1243; x_wconf 89' lang='lat' dir='ltr'>me</span> <span class='ocrx_word' id='word_1_103' title='bbox 1614 1202 1840 1256; x_wconf 84' lang='lat' dir='ltr'>perduxit,</span> 
     </span>
     <span class='ocr_line' id='line_1_16' title="bbox 358 1254 1840 1314; baseline 0.002 -14"><span class='ocrx_word' id='word_1_104' title='bbox 358 1262 404 1301; x_wconf 91' lang='lat' dir='ltr'>et</span> <span class='ocrx_word' id='word_1_105' title='bbox 443 1273 691 1313; x_wconf 85' lang='lat' dir='ltr'>numquam</span> <span class='ocrx_word' id='word_1_106' title='bbox 735 1254 957 1301; x_wconf 71' lang='lat' dir='ltr'>Saxonesi</span> <span class='ocrx_word' id='word_1_107' title='bbox 999 1273 1122 1301; x_wconf 90' lang='lat' dir='ltr'>meos</span> <span class='ocrx_word' id='word_1_108' title='bbox 1160 1260 1321 1314; x_wconf 86' lang='lat' dir='ltr'>fugere</span> <span class='ocrx_word' id='word_1_109' title='bbox 1362 1260 1478 1309; x_wconf 90' lang='lat' dir='ltr'>vidi;</span> <span class='ocrx_word' id='word_1_110' title='bbox 1528 1262 1575 1302; x_wconf 91' lang='lat' dir='ltr'>et</span> <span class='ocrx_word' id='word_1_111' title='bbox 1614 1261 1840 1314; x_wconf 88' lang='lat' dir='ltr'>quomodo</span> 
     </span>
     <span class='ocr_line' id='line_1_17' title="bbox 356 1314 1838 1373; baseline 0.002 -15"><span class='ocrx_word' id='word_1_112' title='bbox 356 1314 508 1360; x_wconf 80' lang='lat' dir='ltr'>nunek</span> <span class='ocrx_word' id='word_1_113' title='bbox 534 1332 671 1372; x_wconf 87' lang='lat' dir='ltr'>cogor</span> <span class='ocrx_word' id='word_1_114' title='bbox 702 1331 835 1372; x_wconf 87' lang='lat' dir='ltr'>agere</span> <span class='ocrx_word' id='word_1_115' title='bbox 868 1318 990 1372; x_wconf 92' lang='lat' dir='ltr'>quod</span> <span class='ocrx_word' id='word_1_116' title='bbox 1021 1332 1270 1373; x_wconf 84' lang='lat' dir='ltr'>numquam</span> <span class='ocrx_word' id='word_1_117' title='bbox 1299 1318 1472 1360; x_wconf 73' lang='lat' dir='ltr'>didici?</span> <span class='ocrx_word' id='word_1_118' title='bbox 1524 1318 1711 1361; x_wconf 83' lang='lat' dir='ltr'>Certare</span> <span class='ocrx_word' id='word_1_119' title='bbox 1732 1319 1838 1370; x_wconf 86' lang='lat' dir='ltr'>scio,</span> 
     </span>
     <span class='ocr_line' id='line_1_18' title="bbox 357 1377 1840 1432; baseline 0.001 -15"><span class='ocrx_word' id='word_1_120' title='bbox 357 1377 517 1431; x_wconf 81' lang='lat' dir='ltr'>fugere</span> <span class='ocrx_word' id='word_1_121' title='bbox 558 1377 718 1432; x_wconf 89' lang='lat' dir='ltr'>ignoro</span> <span class='ocrx_word' id='word_1_122' title='bbox 758 1391 842 1419; x_wconf 89' lang='lat' dir='ltr'>nec</span> <span class='ocrx_word' id='word_1_123' title='bbox 882 1377 1027 1419; x_wconf 87' lang='lat' dir='ltr'>valeo.</span> <span class='ocrx_word' id='word_1_124' title='bbox 1105 1377 1154 1418; x_wconf 85' lang='lat' dir='ltr'>Si</span> <span class='ocrx_word' id='word_1_125' title='bbox 1199 1378 1299 1419; x_wconf 80' lang='lat' dir='ltr'>fata</span> <span class='ocrx_word' id='word_1_126' title='bbox 1346 1392 1437 1419; x_wconf 89' lang='lat' dir='ltr'>non</span> <span class='ocrx_word' id='word_1_127' title='bbox 1485 1378 1672 1419; x_wconf 81' lang='lat' dir='ltr'>sinunt⁵</span> <span class='ocrx_word' id='word_1_128' title='bbox 1717 1378 1840 1420; x_wconf 85' lang='lat' dir='ltr'>ultra</span> 
     </span>
     <span class='ocr_line' id='line_1_19' title="bbox 355 1435 1840 1490; baseline 0.001 -13"><span class='ocrx_word' id='word_1_129' title='bbox 355 1436 518 1486; x_wconf 87' lang='lat' dir='ltr'>vivere,</span> <span class='ocrx_word' id='word_1_130' title='bbox 551 1436 690 1478; x_wconf 85' lang='lat' dir='ltr'>liceat</span> <span class='ocrx_word' id='word_1_131' title='bbox 722 1435 898 1486; x_wconf 85' lang='lat' dir='ltr'>saltem,</span> <span class='ocrx_word' id='word_1_132' title='bbox 932 1436 1054 1490; x_wconf 92' lang='lat' dir='ltr'>quod</span> <span class='ocrx_word' id='word_1_133' title='bbox 1086 1436 1227 1478; x_wconf 85' lang='lat' dir='ltr'>michi</span> <span class='ocrx_word' id='word_1_134' title='bbox 1258 1437 1571 1478; x_wconf 88' lang='lat' dir='ltr'>dulcissimum</span> <span class='ocrx_word' id='word_1_135' title='bbox 1611 1438 1694 1487; x_wconf 89' lang='lat' dir='ltr'>est,</span> <span class='ocrx_word' id='word_1_136' title='bbox 1737 1450 1840 1478; x_wconf 89' lang='lat' dir='ltr'>cum</span> 
     </span>
     <span class='ocr_line' id='line_1_20' title="bbox 357 1491 1839 1550; baseline 0 -13"><span class='ocrx_word' id='word_1_137' title='bbox 357 1495 513 1537; x_wconf 89' lang='lat' dir='ltr'>amicis</span> <span class='ocrx_word' id='word_1_138' title='bbox 554 1495 837 1537; x_wconf 83' lang='lat' dir='ltr'>occumbere.</span> <span class='ocrx_word' id='word_1_139' title='bbox 909 1491 1142 1549; x_wconf 83' lang='lat' dir='ltr'>Exempli¹</span> <span class='ocrx_word' id='word_1_140' title='bbox 1183 1495 1324 1538; x_wconf 91' lang='lat' dir='ltr'>michi</span> <span class='ocrx_word' id='word_1_141' title='bbox 1363 1498 1582 1550; x_wconf 87' lang='lat' dir='ltr'>paternae</span> <span class='ocrx_word' id='word_1_142' title='bbox 1621 1495 1839 1537; x_wconf 82' lang='lat' dir='ltr'>virtutism</span> 
     </span>
     <span class='ocr_line' id='line_1_21' title="bbox 356 1554 1838 1608; baseline 0.001 -14"><span class='ocrx_word' id='word_1_143' title='bbox 356 1556 464 1595; x_wconf 87' lang='lat' dir='ltr'>sunt</span> <span class='ocrx_word' id='word_1_144' title='bbox 495 1554 743 1595; x_wconf 87' lang='lat' dir='ltr'>amicorum</span> <span class='ocrx_word' id='word_1_145' title='bbox 777 1567 966 1608; x_wconf 88' lang='lat' dir='ltr'>corpora</span> <span class='ocrx_word' id='word_1_146' title='bbox 998 1554 1118 1595; x_wconf 88' lang='lat' dir='ltr'>circa</span> <span class='ocrx_word' id='word_1_147' title='bbox 1148 1568 1231 1596; x_wconf 90' lang='lat' dir='ltr'>nos</span> <span class='ocrx_word' id='word_1_148' title='bbox 1271 1557 1513 1608; x_wconf 84' lang='lat' dir='ltr'>prostrata,</span> <span class='ocrx_word' id='word_1_149' title='bbox 1555 1554 1634 1608; x_wconf 93' lang='lat' dir='ltr'>qui</span> <span class='ocrx_word' id='word_1_150' title='bbox 1673 1554 1838 1596; x_wconf 88' lang='lat' dir='ltr'>malue-</span> 
     </span>
     <span class='ocr_line' id='line_1_22' title="bbox 355 1612 1839 1667; baseline 0.001 -14"><span class='ocrx_word' id='word_1_151' title='bbox 355 1615 464 1653; x_wconf 87' lang='lat' dir='ltr'>runt</span> <span class='ocrx_word' id='word_1_152' title='bbox 497 1613 611 1654; x_wconf 88' lang='lat' dir='ltr'>mori</span> <span class='ocrx_word' id='word_1_153' title='bbox 649 1627 782 1666; x_wconf 85' lang='lat' dir='ltr'>quam</span> <span class='ocrx_word' id='word_1_154' title='bbox 815 1612 950 1662; x_wconf 86' lang='lat' dir='ltr'>vinci,</span> <span class='ocrx_word' id='word_1_155' title='bbox 992 1612 1196 1667; x_wconf 86' lang='lat' dir='ltr'>inpigras</span> <span class='ocrx_word' id='word_1_156' title='bbox 1237 1614 1411 1655; x_wconf 82' lang='lat' dir='ltr'>animas</span> <span class='ocrx_word' id='word_1_157' title='bbox 1452 1613 1662 1655; x_wconf 86' lang='lat' dir='ltr'>amittere</span> <span class='ocrx_word' id='word_1_158' title='bbox 1702 1627 1839 1667; x_wconf 87' lang='lat' dir='ltr'>quam</span> 
     </span>
     <span class='ocr_line' id='line_1_23' title="bbox 356 1671 1839 1726; baseline 0.001 -13"><span class='ocrx_word' id='word_1_159' title='bbox 356 1685 506 1713; x_wconf 87' lang='lat' dir='ltr'>coram</span> <span class='ocrx_word' id='word_1_160' title='bbox 547 1672 742 1714; x_wconf 88' lang='lat' dir='ltr'>inimicis</span> <span class='ocrx_word' id='word_1_161' title='bbox 782 1671 883 1713; x_wconf 91' lang='lat' dir='ltr'>loco</span> <span class='ocrx_word' id='word_1_162' title='bbox 924 1671 1098 1713; x_wconf 87' lang='lat' dir='ltr'>cedere.</span> <span class='ocrx_word' id='word_1_163' title='bbox 1170 1671 1260 1713; x_wconf 85' lang='lat' dir='ltr'>Sed</span> <span class='ocrx_word' id='word_1_164' title='bbox 1306 1672 1415 1726; x_wconf 91' lang='lat' dir='ltr'>quid</span> <span class='ocrx_word' id='word_1_165' title='bbox 1463 1685 1645 1714; x_wconf 85' lang='lat' dir='ltr'>necesse</span> <span class='ocrx_word' id='word_1_166' title='bbox 1691 1672 1839 1714; x_wconf 84' lang='lat' dir='ltr'>habeo</span> 
     </span>
     <span class='ocr_line' id='line_1_24' title="bbox 355 1731 1839 1786; baseline 0 -14"><span class='ocrx_word' id='word_1_167' title='bbox 355 1731 719 1773; x_wconf 84' lang='lat' dir='ltr'>exhortationem</span> <span class='ocrx_word' id='word_1_168' title='bbox 787 1731 1054 1785; x_wconf 85' lang='lat' dir='ltr'>protrahere</span> <span class='ocrx_word' id='word_1_169' title='bbox 1123 1731 1375 1786; x_wconf 78' lang='lat' dir='ltr'>tantisper¹¹</span> <span class='ocrx_word' id='word_1_170' title='bbox 1442 1732 1498 1773; x_wconf 88' lang='lat' dir='ltr'>de</span> <span class='ocrx_word' id='word_1_171' title='bbox 1570 1733 1839 1786; x_wconf 88' lang='lat' dir='ltr'>contemptu</span> 
     </span>
     <span class='ocr_line' id='line_1_25' title="bbox 353 1789 1835 1839; baseline 0.001 -9"><span class='ocrx_word' id='word_1_172' title='bbox 353 1789 544 1831; x_wconf 73' lang='lat' dir='ltr'>mortis?</span> <span class='ocrx_word' id='word_1_173' title='bbox 608 1790 725 1831; x_wconf 87' lang='lat' dir='ltr'>Ecce</span> <span class='ocrx_word' id='word_1_174' title='bbox 766 1790 825 1831; x_wconf 90' lang='lat' dir='ltr'>ad</span> <span class='ocrx_word' id='word_1_175' title='bbox 866 1803 1047 1831; x_wconf 88' lang='lat' dir='ltr'>securos</span> <span class='ocrx_word' id='word_1_176' title='bbox 1086 1789 1271 1839; x_wconf 82' lang='lat' dir='ltr'>ibimus,</span> <span class='ocrx_word' id='word_1_177' title='bbox 1316 1790 1374 1831; x_wconf 93' lang='lat' dir='ltr'>ad</span> <span class='ocrx_word' id='word_1_178' title='bbox 1414 1790 1599 1831; x_wconf 89' lang='lat' dir='ltr'>caedem</span> <span class='ocrx_word' id='word_1_179' title='bbox 1638 1791 1835 1839; x_wconf 86' lang='lat' dir='ltr'>tantum,</span> 
     </span>
     <span class='ocr_line' id='line_1_26' title="bbox 352 1847 1836 1903; baseline 0.001 -14"><span class='ocrx_word' id='word_1_180' title='bbox 352 1862 443 1890; x_wconf 89' lang='lat' dir='ltr'>non</span> <span class='ocrx_word' id='word_1_181' title='bbox 491 1849 550 1890; x_wconf 86' lang='lat' dir='ltr'>ad</span> <span class='ocrx_word' id='word_1_182' title='bbox 596 1862 811 1903; x_wconf 86' lang='lat' dir='ltr'>pugnam.</span> <span class='ocrx_word' id='word_1_183' title='bbox 888 1847 1008 1889; x_wconf 86' lang='lat' dir='ltr'>Nam</span> <span class='ocrx_word' id='word_1_184' title='bbox 1055 1848 1110 1890; x_wconf 87' lang='lat' dir='ltr'>de</span> <span class='ocrx_word' id='word_1_185' title='bbox 1158 1848 1378 1903; x_wconf 84' lang='lat' dir='ltr'>promissa</span> <span class='ocrx_word' id='word_1_186' title='bbox 1423 1862 1534 1903; x_wconf 86' lang='lat' dir='ltr'>pace</span> <span class='ocrx_word' id='word_1_187' title='bbox 1582 1862 1634 1890; x_wconf 88' lang='lat' dir='ltr'>ac</span> <span class='ocrx_word' id='word_1_188' title='bbox 1680 1851 1836 1890; x_wconf 86' lang='lat' dir='ltr'>nostro</span> 
     </span>
     <span class='ocr_line' id='line_1_27' title="bbox 352 1906 1836 1961; baseline 0 -13"><span class='ocrx_word' id='word_1_189' title='bbox 352 1907 479 1961; x_wconf 85' lang='lat' dir='ltr'>gravi</span> <span class='ocrx_word' id='word_1_190' title='bbox 510 1906 699 1948; x_wconf 87' lang='lat' dir='ltr'>vulnere</span> <span class='ocrx_word' id='word_1_191' title='bbox 731 1906 875 1948; x_wconf 88' lang='lat' dir='ltr'>nichil</span> <span class='ocrx_word' id='word_1_192' title='bbox 908 1907 1200 1961; x_wconf 86' lang='lat' dir='ltr'>suspicantur</span> <span class='ocrx_word' id='word_1_193' title='bbox 1235 1907 1425 1958; x_wconf 88' lang='lat' dir='ltr'>adversi,</span> <span class='ocrx_word' id='word_1_194' title='bbox 1470 1907 1691 1949; x_wconf 88' lang='lat' dir='ltr'>hodierno</span> <span class='ocrx_word' id='word_1_195' title='bbox 1731 1920 1836 1961; x_wconf 90' lang='lat' dir='ltr'>quo-</span> 
     </span>
     <span class='ocr_line' id='line_1_28' title="bbox 352 1966 1835 2021; baseline 0 -13"><span class='ocrx_word' id='word_1_196' title='bbox 352 1979 438 2020; x_wconf 90' lang='lat' dir='ltr'>que</span> <span class='ocrx_word' id='word_1_197' title='bbox 470 1966 614 2021; x_wconf 86' lang='lat' dir='ltr'>prelio</span> <span class='ocrx_word' id='word_1_198' title='bbox 645 1966 834 2020; x_wconf 82' lang='lat' dir='ltr'>fatigati</span> <span class='ocrx_word' id='word_1_199' title='bbox 865 1966 1248 2019; x_wconf 88' lang='lat' dir='ltr'>quemadmodum</span> <span class='ocrx_word' id='word_1_200' title='bbox 1279 1968 1399 2016; x_wconf 91' lang='lat' dir='ltr'>sunt,</span> <span class='ocrx_word' id='word_1_201' title='bbox 1423 1966 1520 2008; x_wconf 87' lang='lat' dir='ltr'>sine</span> <span class='ocrx_word' id='word_1_202' title='bbox 1542 1968 1715 2012; x_wconf 85' lang='lat' dir='ltr'>metu0,</span> <span class='ocrx_word' id='word_1_203' title='bbox 1738 1966 1835 2008; x_wconf 87' lang='lat' dir='ltr'>sine</span> 
     </span>
     <span class='ocr_line' id='line_1_29' title="bbox 350 2024 1837 2080; baseline -0.001 -14"><span class='ocrx_word' id='word_1_204' title='bbox 350 2025 520 2080; x_wconf 85' lang='lat' dir='ltr'>vigiliis</span> <span class='ocrx_word' id='word_1_205' title='bbox 567 2027 614 2066; x_wconf 86' lang='lat' dir='ltr'>et</span> <span class='ocrx_word' id='word_1_206' title='bbox 660 2025 796 2066; x_wconf 85' lang='lat' dir='ltr'>solita</span> <span class='ocrx_word' id='word_1_207' title='bbox 842 2025 1051 2066; x_wconf 87' lang='lat' dir='ltr'>custodia</span> <span class='ocrx_word' id='word_1_208' title='bbox 1100 2027 1301 2066; x_wconf 85' lang='lat' dir='ltr'>manent.</span> <span class='ocrx_word' id='word_1_209' title='bbox 1383 2025 1646 2066; x_wconf 82' lang='lat' dir='ltr'>Irruamusl’</span> <span class='ocrx_word' id='word_1_210' title='bbox 1693 2024 1837 2078; x_wconf 85' lang='lat' dir='ltr'>igitur</span> 
     </span>
     <span class='ocr_line' id='line_1_30' title="bbox 351 2083 1833 2139; baseline -0.001 -14"><span class='ocrx_word' id='word_1_211' title='bbox 351 2097 486 2139; x_wconf 85' lang='lat' dir='ltr'>super</span> <span class='ocrx_word' id='word_1_212' title='bbox 516 2084 768 2138; x_wconf 85' lang='lat' dir='ltr'>inprovisos</span> <span class='ocrx_word' id='word_1_213' title='bbox 801 2085 848 2125; x_wconf 92' lang='lat' dir='ltr'>et</span> <span class='ocrx_word' id='word_1_214' title='bbox 879 2097 1036 2124; x_wconf 91' lang='lat' dir='ltr'>somno</span> <span class='ocrx_word' id='word_1_215' title='bbox 1069 2083 1271 2138; x_wconf 90' lang='lat' dir='ltr'>sepultos</span> <span class='ocrx_word' id='word_1_216' title='bbox 1285 2083 1311 2135; x_wconf 83' lang='lat'>⁶,</span> <span class='ocrx_word' id='word_1_217' title='bbox 1345 2098 1505 2138; x_wconf 88' lang='lat' dir='ltr'>parum</span> <span class='ocrx_word' id='word_1_218' title='bbox 1538 2083 1707 2125; x_wconf 85' lang='lat' dir='ltr'>laboris</span> <span class='ocrx_word' id='word_1_219' title='bbox 1742 2085 1833 2134; x_wconf 79' lang='lat' dir='ltr'>est3</span> 
     </span>
     <span class='ocr_line' id='line_1_31' title="bbox 351 2142 1833 2197; baseline -0.001 -13"><span class='ocrx_word' id='word_1_220' title='bbox 351 2143 593 2197; x_wconf 88' lang='lat' dir='ltr'>sequimini</span> <span class='ocrx_word' id='word_1_221' title='bbox 625 2156 696 2184; x_wconf 88' lang='lat' dir='ltr'>me</span> <span class='ocrx_word' id='word_1_222' title='bbox 730 2143 905 2193; x_wconf 90' lang='lat' dir='ltr'>ducem,</span> <span class='ocrx_word' id='word_1_223' title='bbox 940 2144 986 2184; x_wconf 91' lang='lat' dir='ltr'>et</span> <span class='ocrx_word' id='word_1_224' title='bbox 1018 2143 1104 2184; x_wconf 91' lang='lat' dir='ltr'>hoc</span> <span class='ocrx_word' id='word_1_225' title='bbox 1137 2156 1302 2184; x_wconf 85' lang='lat' dir='ltr'>canum</span> <span class='ocrx_word' id='word_1_226' title='bbox 1343 2145 1482 2197; x_wconf 88' lang='lat' dir='ltr'>caput</span> <span class='ocrx_word' id='word_1_227' title='bbox 1522 2156 1672 2184; x_wconf 88' lang='lat' dir='ltr'>meum</span> <span class='ocrx_word' id='word_1_228' title='bbox 1705 2142 1833 2184; x_wconf 88' lang='lat' dir='ltr'>vobis</span> 
     </span>
     <span class='ocr_line' id='line_1_32' title="bbox 350 2200 1832 2255; baseline -0.001 -13"><span class='ocrx_word' id='word_1_229' title='bbox 350 2203 496 2252; x_wconf 85' lang='lat' dir='ltr'>trado,</span> <span class='ocrx_word' id='word_1_230' title='bbox 531 2202 569 2242; x_wconf 91' lang='lat' dir='ltr'>si</span> <span class='ocrx_word' id='word_1_231' title='bbox 600 2216 691 2243; x_wconf 90' lang='lat' dir='ltr'>non</span> <span class='ocrx_word' id='word_1_232' title='bbox 726 2201 929 2243; x_wconf 85' lang='lat' dir='ltr'>evenerit</span> <span class='ocrx_word' id='word_1_233' title='bbox 960 2202 1082 2255; x_wconf 91' lang='lat' dir='ltr'>quod</span> <span class='ocrx_word' id='word_1_234' title='bbox 1115 2201 1246 2243; x_wconf 86' lang='lat' dir='ltr'>dico‘.</span> <span class='ocrx_word' id='word_1_235' title='bbox 1309 2201 1442 2242; x_wconf 91' lang='lat' dir='ltr'>Illius</span> <span class='ocrx_word' id='word_1_236' title='bbox 1473 2201 1617 2255; x_wconf 88' lang='lat' dir='ltr'>igitur</span> <span class='ocrx_word' id='word_1_237' title='bbox 1648 2200 1832 2255; x_wconf 89' lang='lat' dir='ltr'>optimis</span> 
     </span>
     <span class='ocr_line' id='line_1_33' title="bbox 348 2259 1833 2314; baseline -0.001 -12"><span class='ocrx_word' id='word_1_238' title='bbox 348 2261 499 2302; x_wconf 90' lang='lat' dir='ltr'>verbis</span> <span class='ocrx_word' id='word_1_239' title='bbox 546 2260 686 2302; x_wconf 84' lang='lat' dir='ltr'>erecti</span> <span class='ocrx_word' id='word_1_240' title='bbox 737 2260 859 2313; x_wconf 90' lang='lat' dir='ltr'>quod</span> <span class='ocrx_word' id='word_1_241' title='bbox 911 2262 1147 2314; x_wconf 84' lang='lat' dir='ltr'>supererat</span> <span class='ocrx_word' id='word_1_242' title='bbox 1198 2260 1289 2301; x_wconf 91' lang='lat' dir='ltr'>diei</span> <span class='ocrx_word' id='word_1_243' title='bbox 1334 2260 1382 2300; x_wconf 92' lang='lat' dir='ltr'>in</span> <span class='ocrx_word' id='word_1_244' title='bbox 1434 2259 1689 2302; x_wconf 87' lang='lat' dir='ltr'>reficiendis</span> <span class='ocrx_word' id='word_1_245' title='bbox 1740 2259 1833 2300; x_wconf 89' lang='lat' dir='ltr'>suis</span> 
     </span>
    </p>
   </div>
   <div class='ocr_carea' id='block_1_3' title="bbox 347 2373 1833 2619">
    <p class='ocr_par' dir='ltr' id='par_1_4' title="bbox 347 2373 1833 2619">
     <span class='ocr_line' id='line_1_34' title="bbox 349 2373 1832 2407; baseline 0 -8"><span class='ocrx_word' id='word_1_246' title='bbox 349 2374 378 2407; x_wconf 81' lang='lat' dir='ltr'>a)</span> <span class='ocrx_word' id='word_1_247' title='bbox 397 2374 512 2399; x_wconf 80' lang='lat' dir='ltr'>rettulit</span> <span class='ocrx_word' id='word_1_248' title='bbox 530 2374 561 2399; x_wconf 83' lang='lat' dir='ltr'>C.</span> <span class='ocrx_word' id='word_1_249' title='bbox 642 2375 671 2404; x_wconf 92' lang='lat' dir='ltr'>b)</span> <span class='ocrx_word' id='word_1_250' title='bbox 690 2382 749 2399; x_wconf 85' lang='lat' dir='ltr'>non</span> <span class='ocrx_word' id='word_1_251' title='bbox 769 2374 964 2399; x_wconf 79' lang='lat' dir='ltr'>inueniebant</span> <span class='ocrx_word' id='word_1_252' title='bbox 981 2374 1131 2405; x_wconf 71' lang='lat' dir='ltr'>(primitus</span> <span class='ocrx_word' id='word_1_253' title='bbox 1150 2374 1353 2405; x_wconf 80' lang='lat' dir='ltr'>inueniabant,</span> <span class='ocrx_word' id='word_1_254' title='bbox 1373 2380 1391 2398; x_wconf 81' lang='lat' dir='ltr'>a</span> <span class='ocrx_word' id='word_1_255' title='bbox 1411 2374 1511 2401; x_wconf 70' lang='lat' dir='ltr'>aeirus.</span> <span class='ocrx_word' id='word_1_256' title='bbox 1530 2373 1571 2406; x_wconf 74' lang='lat' dir='ltr'>A)</span> <span class='ocrx_word' id='word_1_257' title='bbox 1588 2373 1619 2398; x_wconf 90' lang='lat' dir='ltr'>in</span> <span class='ocrx_word' id='word_1_258' title='bbox 1637 2375 1776 2405; x_wconf 83' lang='lat' dir='ltr'>promptu</span> <span class='ocrx_word' id='word_1_259' title='bbox 1795 2375 1832 2401; x_wconf 75' lang='lat' dir='ltr'>A.</span> 
     </span>
     <span class='ocr_line' id='line_1_35' title="bbox 348 2407 1833 2441; baseline -0.001 -7"><span class='ocrx_word' id='word_1_260' title='bbox 348 2410 412 2437; x_wconf 85' lang='lat' dir='ltr'>Bl.</span> <span class='ocrx_word' id='word_1_261' title='bbox 494 2410 520 2440; x_wconf 86' lang='lat' dir='ltr'>c)</span> <span class='ocrx_word' id='word_1_262' title='bbox 545 2409 612 2436; x_wconf 86' lang='lat' dir='ltr'><strong>XII.</strong></span> <span class='ocrx_word' id='word_1_263' title='bbox 636 2410 668 2435; x_wconf 85' lang='lat' dir='ltr'>C.</span> <span class='ocrx_word' id='word_1_264' title='bbox 747 2407 778 2439; x_wconf 87' lang='lat' dir='ltr'>d)</span> <span class='ocrx_word' id='word_1_265' title='bbox 804 2409 840 2434; x_wconf 84' lang='lat' dir='ltr'>de</span> <span class='ocrx_word' id='word_1_266' title='bbox 863 2412 923 2436; x_wconf 86' lang='lat' dir='ltr'>vet.</span> <span class='ocrx_word' id='word_1_267' title='bbox 947 2409 1005 2435; x_wconf 84' lang='lat' dir='ltr'>mil.</span> <span class='ocrx_word' id='word_1_268' title='bbox 1033 2415 1088 2435; x_wconf 87' lang='lat' dir='ltr'>om.</span> <span class='ocrx_word' id='word_1_269' title='bbox 1115 2409 1246 2436; x_wconf 79' lang='lat' dir='ltr'>Meibom.</span> <span class='ocrx_word' id='word_1_270' title='bbox 1268 2416 1301 2440; x_wconf 75' lang='lat' dir='ltr'>p.</span> <span class='ocrx_word' id='word_1_271' title='bbox 1322 2409 1339 2434; x_wconf 86' lang='lat'><strong>5</strong></span> <span class='ocrx_word' id='word_1_272' title='bbox 1364 2409 1454 2441; x_wconf 79' lang='lat'><em>(682).</em></span> <span class='ocrx_word' id='word_1_273' title='bbox 1532 2407 1560 2441; x_wconf 85' lang='lat' dir='ltr'>e)</span> <span class='ocrx_word' id='word_1_274' title='bbox 1584 2409 1726 2440; x_wconf 76' lang='lat' dir='ltr'>hatugato</span> <span class='ocrx_word' id='word_1_275' title='bbox 1749 2409 1833 2436; x_wconf 68' lang='lat' dir='ltr'>Frui.</span> 
     </span>
     <span class='ocr_line' id='line_1_36' title="bbox 347 2442 1831 2477; baseline -0.001 -6"><span class='ocrx_word' id='word_1_276' title='bbox 347 2447 372 2477; x_wconf 79' lang='lat' dir='ltr'>f)</span> <span class='ocrx_word' id='word_1_277' title='bbox 391 2449 421 2470; x_wconf 83' lang='lat' dir='ltr'>et</span> <span class='ocrx_word' id='word_1_278' title='bbox 434 2452 487 2472; x_wconf 81' lang='lat' dir='ltr'>om.</span> <span class='ocrx_word' id='word_1_279' title='bbox 501 2445 535 2472; x_wconf 78' lang='grc' dir='ltr'>Δ,</span> <span class='ocrx_word' id='word_1_280' title='bbox 547 2445 574 2470; x_wconf 88' lang='grc' dir='ltr'><strong><em>Β</em></strong></span> <span class='ocrx_word' id='word_1_281' title='bbox 586 2446 615 2477; x_wconf 89' lang='grc'>1;</span> <span class='ocrx_word' id='word_1_282' title='bbox 637 2445 662 2469; x_wconf 81' lang='grc' dir='ltr'><em>Α</em></span> <span class='ocrx_word' id='word_1_283' title='bbox 676 2444 768 2476; x_wconf 80' lang='lat' dir='ltr'>inepte</span> <span class='ocrx_word' id='word_1_284' title='bbox 779 2445 945 2475; x_wconf 63' lang='lat' dir='ltr'>distinguit.-</span> <span class='ocrx_word' id='word_1_285' title='bbox 964 2442 1130 2476; x_wconf 81' lang='lat' dir='ltr'>prudentie.</span> <span class='ocrx_word' id='word_1_286' title='bbox 1150 2448 1181 2470; x_wconf 82' lang='lat' dir='ltr'>et</span> <span class='ocrx_word' id='word_1_287' title='bbox 1199 2451 1300 2469; x_wconf 80' lang='lat' dir='ltr'>earum</span> <span class='ocrx_word' id='word_1_288' title='bbox 1320 2451 1418 2469; x_wconf 85' lang='lat' dir='ltr'>rerum</span> <span class='ocrx_word' id='word_1_289' title='bbox 1432 2443 1590 2470; x_wconf 79' lang='lat' dir='ltr'>efficatiam</span> <span class='ocrx_word' id='word_1_290' title='bbox 1605 2448 1686 2469; x_wconf 84' lang='lat' dir='ltr'>motu</span> <span class='ocrx_word' id='word_1_291' title='bbox 1699 2444 1831 2476; x_wconf 82' lang='lat' dir='ltr'>corporis</span> 
     </span>
     <span class='ocr_line' id='line_1_37' title="bbox 349 2478 1832 2512; baseline -0.001 -7"><span class='ocrx_word' id='word_1_292' title='bbox 349 2481 438 2506; x_wconf 84' lang='lat' dir='ltr'>animi</span> <span class='ocrx_word' id='word_1_293' title='bbox 459 2481 650 2505; x_wconf 79' lang='lat' dir='ltr'>constantiam</span> <span class='ocrx_word' id='word_1_294' title='bbox 672 2478 826 2505; x_wconf 78' lang='lat' dir='ltr'>declarans</span> <span class='ocrx_word' id='word_1_295' title='bbox 846 2482 894 2507; x_wconf 76' lang='lat' dir='ltr'>etc.</span> <span class='ocrx_word' id='word_1_296' title='bbox 965 2481 994 2511; x_wconf 83' lang='lat' dir='ltr'>g)</span> <span class='ocrx_word' id='word_1_297' title='bbox 1019 2480 1116 2512; x_wconf 67' lang='lat' dir='ltr'>anime</span> <span class='ocrx_word' id='word_1_298' title='bbox 1140 2487 1215 2506; x_wconf 85' lang='lat' dir='ltr'>corr.</span> <span class='ocrx_word' id='word_1_299' title='bbox 1239 2479 1330 2504; x_wconf 83' lang='lat' dir='ltr'>animi</span> <span class='ocrx_word' id='word_1_300' title='bbox 1355 2480 1387 2505; x_wconf 87' lang='lat' dir='ltr'>C.</span> <span class='ocrx_word' id='word_1_301' title='bbox 1460 2480 1490 2510; x_wconf 92' lang='lat' dir='ltr'>h)</span> <span class='ocrx_word' id='word_1_302' title='bbox 1515 2480 1580 2504; x_wconf 84' lang='lat' dir='ltr'>Huc</span> <span class='ocrx_word' id='word_1_303' title='bbox 1605 2486 1698 2511; x_wconf 81' lang='lat' dir='ltr'>usque</span> <span class='ocrx_word' id='word_1_304' title='bbox 1721 2479 1832 2504; x_wconf 73' lang='lat' dir='ltr'>duabus</span> 
     </span>
     <span class='ocr_line' id='line_1_38' title="bbox 349 2514 1832 2548; baseline -0.001 -8"><span class='ocrx_word' id='word_1_305' title='bbox 349 2516 462 2540; x_wconf 76' lang='lat' dir='ltr'>vocibus</span> <span class='ocrx_word' id='word_1_306' title='bbox 481 2516 517 2540; x_wconf 78' lang='lat' dir='ltr'>A.</span> <span class='ocrx_word' id='word_1_307' title='bbox 538 2515 567 2542; x_wconf 85' lang='lat' dir='ltr'>C.</span> <span class='ocrx_word' id='word_1_308' title='bbox 639 2514 660 2547; x_wconf 86' lang='lat' dir='ltr'>i)</span> <span class='ocrx_word' id='word_1_309' title='bbox 680 2522 759 2540; x_wconf 81' lang='lat' dir='ltr'>meos</span> <span class='ocrx_word' id='word_1_310' title='bbox 778 2522 903 2540; x_wconf 80' lang='lat' dir='ltr'>saxones</span> <span class='ocrx_word' id='word_1_311' title='bbox 922 2515 985 2542; x_wconf 81' lang='lat' dir='ltr'>Bl,</span> <span class='ocrx_word' id='word_1_312' title='bbox 1059 2515 1089 2545; x_wconf 91' lang='lat' dir='ltr'>k)</span> <span class='ocrx_word' id='word_1_313' title='bbox 1108 2522 1185 2539; x_wconf 89' lang='lat' dir='ltr'>nunc</span> <span class='ocrx_word' id='word_1_314' title='bbox 1205 2522 1259 2542; x_wconf 84' lang='lat' dir='ltr'>om,</span> <span class='ocrx_word' id='word_1_315' title='bbox 1279 2516 1316 2540; x_wconf 72' lang='lat' dir='ltr'>A.</span> <span class='ocrx_word' id='word_1_316' title='bbox 1336 2515 1398 2539; x_wconf 88' lang='lat' dir='ltr'>Bl.</span> <span class='ocrx_word' id='word_1_317' title='bbox 1476 2514 1498 2548; x_wconf 93' lang='lat' dir='ltr'>l)</span> <span class='ocrx_word' id='word_1_318' title='bbox 1516 2515 1557 2539; x_wconf 73' lang='lat' dir='ltr'>sic</span> <span class='ocrx_word' id='word_1_319' title='bbox 1576 2516 1611 2542; x_wconf 72' lang='lat' dir='ltr'>A.</span> <span class='ocrx_word' id='word_1_320' title='bbox 1631 2515 1668 2546; x_wconf 87' lang='lat' dir='ltr'>C&#39;;</span> <span class='ocrx_word' id='word_1_321' title='bbox 1687 2514 1832 2546; x_wconf 73' lang='lat' dir='ltr'>Exempla</span> 
     </span>
     <span class='ocr_line' id='line_1_39' title="bbox 348 2549 1832 2584; baseline -0.001 -8"><span class='ocrx_word' id='word_1_322' title='bbox 348 2552 415 2584; x_wconf 86' lang='lat' dir='ltr'>B1;</span> <span class='ocrx_word' id='word_1_323' title='bbox 437 2551 580 2582; x_wconf 81' lang='lat' dir='ltr'>Exemplo</span> <span class='ocrx_word' id='word_1_324' title='bbox 600 2551 663 2576; x_wconf 66' lang='grc' dir='ltr'>ΒΞ,</span> <span class='ocrx_word' id='word_1_325' title='bbox 682 2551 764 2578; x_wconf 82' lang='lat' dir='ltr'>Frut.</span> <span class='ocrx_word' id='word_1_326' title='bbox 855 2549 895 2581; x_wconf 88' lang='lat' dir='ltr'>m)</span> <span class='ocrx_word' id='word_1_327' title='bbox 918 2551 959 2575; x_wconf 80' lang='lat' dir='ltr'>sic</span> <span class='ocrx_word' id='word_1_328' title='bbox 978 2550 1012 2576; x_wconf 77' lang='grc' dir='ltr'>Α.</span> <span class='ocrx_word' id='word_1_329' title='bbox 1031 2551 1093 2577; x_wconf 86' lang='grc' dir='ltr'>Β1.</span> <span class='ocrx_word' id='word_1_330' title='bbox 1112 2551 1150 2579; x_wconf 78' lang='grc' dir='ltr'>Ο,-</span> <span class='ocrx_word' id='word_1_331' title='bbox 1168 2550 1294 2575; x_wconf 77' lang='lat' dir='ltr'>uirtutes</span> <span class='ocrx_word' id='word_1_332' title='bbox 1313 2550 1374 2577; x_wconf 70' lang='grc' dir='ltr'>ΒΖ.</span> <span class='ocrx_word' id='word_1_333' title='bbox 1392 2550 1486 2582; x_wconf 74' lang='grc' dir='ltr'>Γνιιι,,</span> <span class='ocrx_word' id='word_1_334' title='bbox 1510 2551 1560 2582; x_wconf 76' lang='lat' dir='ltr'>qus·</span> <span class='ocrx_word' id='word_1_335' title='bbox 1584 2552 1650 2575; x_wconf 75' lang='lat' dir='ltr'>anto</span> <span class='ocrx_word' id='word_1_336' title='bbox 1673 2550 1832 2575; x_wconf 76' lang='lat' dir='ltr'>amicorum</span> 
     </span>
     <span class='ocr_line' id='line_1_40' title="bbox 348 2584 1603 2619; baseline 0 -8"><span class='ocrx_word' id='word_1_337' title='bbox 348 2594 458 2612; x_wconf 85' lang='lat' dir='ltr'>comma</span> <span class='ocrx_word' id='word_1_338' title='bbox 473 2588 594 2618; x_wconf 74' lang='lat' dir='ltr'>ponunt.</span> <span class='ocrx_word' id='word_1_339' title='bbox 666 2585 697 2619; x_wconf 87' lang='lat' dir='ltr'>n)</span> <span class='ocrx_word' id='word_1_340' title='bbox 716 2588 829 2611; x_wconf 77' lang='lat' dir='ltr'>tantum</span> <span class='ocrx_word' id='word_1_341' title='bbox 848 2586 930 2613; x_wconf 79' lang='lat' dir='ltr'>Frut.</span> <span class='ocrx_word' id='word_1_342' title='bbox 1003 2584 1031 2619; x_wconf 87' lang='grc' dir='ltr'>ο)</span> <span class='ocrx_word' id='word_1_343' title='bbox 1050 2586 1093 2610; x_wconf 80' lang='lat' dir='ltr'>ita</span> <span class='ocrx_word' id='word_1_344' title='bbox 1113 2585 1180 2612; x_wconf 80' lang='lat' dir='ltr'><strong><em>add.</em></strong></span> <span class='ocrx_word' id='word_1_345' title='bbox 1198 2586 1282 2610; x_wconf 74' lang='lat' dir='ltr'>Frut-</span> <span class='ocrx_word' id='word_1_346' title='bbox 1355 2586 1385 2617; x_wconf 84' lang='lat' dir='ltr'>p)</span> <span class='ocrx_word' id='word_1_347' title='bbox 1405 2586 1523 2611; x_wconf 76' lang='lat' dir='ltr'>Iri-uere</span> <span class='ocrx_word' id='word_1_348' title='bbox 1542 2585 1603 2612; x_wconf 81' lang='lat'><em>132.</em></span> 
     </span>
    </p>
   </div>
   <div class='ocr_carea' id='block_1_4' title="bbox 347 2666 1830 2993">
    <p class='ocr_par' dir='ltr' id='par_1_5' title="bbox 347 2666 1830 2993">
     <span class='ocr_line' id='line_1_41' title="bbox 350 2666 1830 2714; baseline -0.002 -11"><span class='ocrx_word' id='word_1_349' title='bbox 350 2669 385 2714; x_wconf 87' lang='lat'>1)</span> <span class='ocrx_word' id='word_1_350' title='bbox 412 2669 508 2702; x_wconf 78' lang='lat' dir='ltr'>Haec</span> <span class='ocrx_word' id='word_1_351' title='bbox 532 2669 676 2710; x_wconf 79' lang='lat' dir='ltr'>fabulae</span> <span class='ocrx_word' id='word_1_352' title='bbox 701 2669 871 2701; x_wconf 82' lang='lat' dir='ltr'>memoria</span> <span class='ocrx_word' id='word_1_353' title='bbox 892 2667 1002 2711; x_wconf 81' lang='lat' dir='ltr'>paulo</span> <span class='ocrx_word' id='word_1_354' title='bbox 1025 2668 1203 2710; x_wconf 76' lang='lat' dir='ltr'>discrepat</span> <span class='ocrx_word' id='word_1_355' title='bbox 1227 2677 1305 2700; x_wconf 84' lang='lat' dir='ltr'>cum</span> <span class='ocrx_word' id='word_1_356' title='bbox 1321 2678 1373 2709; x_wconf 84' lang='lat' dir='ltr'>ea,</span> <span class='ocrx_word' id='word_1_357' title='bbox 1390 2678 1497 2711; x_wconf 83' lang='lat' dir='ltr'>quam</span> <span class='ocrx_word' id='word_1_358' title='bbox 1516 2666 1624 2710; x_wconf 61' lang='lat' dir='ltr'>Origo</span> <span class='ocrx_word' id='word_1_359' title='bbox 1640 2667 1830 2700; x_wconf 76' lang='lat' dir='ltr'>Suevorum</span> 
     </span>
     <span class='ocr_line' id='line_1_42' title="bbox 348 2712 1829 2758; baseline -0.001 -10"><span class='ocrx_word' id='word_1_360' title='bbox 348 2726 373 2754; x_wconf 73' lang='lat' dir='ltr'>c,</span> <span class='ocrx_word' id='word_1_361' title='bbox 401 2718 432 2751; x_wconf 87' lang='lat'>9.</span> <span class='ocrx_word' id='word_1_362' title='bbox 459 2716 582 2749; x_wconf 78' lang='lat' dir='ltr'>melius</span> <span class='ocrx_word' id='word_1_363' title='bbox 607 2716 875 2758; x_wconf 75' lang='lat' dir='ltr'>accuratiusque</span> <span class='ocrx_word' id='word_1_364' title='bbox 908 2714 1055 2749; x_wconf 74' lang='lat' dir='ltr'>exhibet.</span> <span class='ocrx_word' id='word_1_365' title='bbox 1151 2715 1188 2758; x_wconf 84' lang='lat'>2)</span> <span class='ocrx_word' id='word_1_366' title='bbox 1211 2714 1341 2758; x_wconf 70' lang='lat' dir='ltr'>Verqil.</span> <span class='ocrx_word' id='word_1_367' title='bbox 1367 2715 1454 2750; x_wconf 77' lang='lat' dir='ltr'>Aen.</span> <span class='ocrx_word' id='word_1_368' title='bbox 1481 2714 1542 2756; x_wconf 83' lang='lat' dir='ltr'>VI,</span> <span class='ocrx_word' id='word_1_369' title='bbox 1578 2725 1608 2748; x_wconf 86' lang='lat' dir='ltr'>v.</span> <span class='ocrx_word' id='word_1_370' title='bbox 1634 2714 1722 2749; x_wconf 89' lang='lat'>304:</span> <span class='ocrx_word' id='word_1_371' title='bbox 1755 2712 1829 2746; x_wconf 82' lang='lat' dir='ltr'>iam</span> 
     </span>
     <span class='ocr_line' id='line_1_43' title="bbox 347 2760 1828 2805; baseline -0.002 -9"><span class='ocrx_word' id='word_1_372' title='bbox 347 2762 477 2804; x_wconf 84' lang='lat' dir='ltr'>senior,</span> <span class='ocrx_word' id='word_1_373' title='bbox 503 2764 558 2796; x_wconf 87' lang='lat' dir='ltr'>set</span> <span class='ocrx_word' id='word_1_374' title='bbox 582 2762 693 2796; x_wconf 87' lang='lat' dir='ltr'>cruda</span> <span class='ocrx_word' id='word_1_375' title='bbox 718 2761 786 2796; x_wconf 89' lang='lat' dir='ltr'>deo</span> <span class='ocrx_word' id='word_1_376' title='bbox 811 2761 1006 2804; x_wconf 86' lang='lat' dir='ltr'>viridisque</span> <span class='ocrx_word' id='word_1_377' title='bbox 1040 2763 1216 2797; x_wconf 74' lang='lat' dir='ltr'>senectus.</span> <span class='ocrx_word' id='word_1_378' title='bbox 1335 2761 1372 2805; x_wconf 88' lang='lat'>3)</span> <span class='ocrx_word' id='word_1_379' title='bbox 1408 2761 1504 2794; x_wconf 84' lang='lat' dir='ltr'>Eum</span> <span class='ocrx_word' id='word_1_380' title='bbox 1537 2765 1620 2794; x_wconf 74' lang='lat' dir='ltr'>tum</span> <span class='ocrx_word' id='word_1_381' title='bbox 1643 2760 1828 2794; x_wconf 76' lang='lat' dir='ltr'>Saxonum</span> 
     </span>
     <span class='ocr_line' id='line_1_44' title="bbox 347 2806 1827 2851; baseline 0 -9"><span class='ocrx_word' id='word_1_382' title='bbox 347 2810 465 2842; x_wconf 84' lang='lat' dir='ltr'>ducem</span> <span class='ocrx_word' id='word_1_383' title='bbox 491 2810 604 2850; x_wconf 80' lang='lat' dir='ltr'>fuisse</span> <span class='ocrx_word' id='word_1_384' title='bbox 627 2809 794 2851; x_wconf 79' lang='lat' dir='ltr'>Ruodolf.</span> <span class='ocrx_word' id='word_1_385' title='bbox 820 2809 964 2843; x_wconf 75' lang='lat' dir='ltr'>Transl.</span> <span class='ocrx_word' id='word_1_386' title='bbox 991 2808 1019 2842; x_wconf 89' lang='lat' dir='ltr'><strong><em>S</em></strong></span> <span class='ocrx_word' id='word_1_387' title='bbox 1051 2809 1166 2851; x_wconf 61' lang='lat' dir='ltr'>Alex„</span> <span class='ocrx_word' id='word_1_388' title='bbox 1193 2808 1255 2844; x_wconf 84' lang='lat' dir='ltr'>SS.</span> <span class='ocrx_word' id='word_1_389' title='bbox 1280 2808 1332 2851; x_wconf 86' lang='lat' dir='ltr'>II,</span> <span class='ocrx_word' id='word_1_390' title='bbox 1354 2818 1394 2851; x_wconf 83' lang='lat'>10·</span> <span class='ocrx_word' id='word_1_391' title='bbox 1412 2809 1492 2849; x_wconf 82' lang='lat'>674,</span> <span class='ocrx_word' id='word_1_392' title='bbox 1517 2807 1611 2842; x_wconf 78' lang='lat' dir='ltr'>dicit.</span> <span class='ocrx_word' id='word_1_393' title='bbox 1707 2807 1745 2851; x_wconf 89' lang='lat'>4)</span> <span class='ocrx_word' id='word_1_394' title='bbox 1773 2806 1827 2849; x_wconf 82' lang='lat' dir='ltr'>Cf.</span> 
     </span>
     <span class='ocr_line' id='line_1_45' title="bbox 347 2854 1827 2898; baseline -0.001 -9"><span class='ocrx_word' id='word_1_395' title='bbox 347 2856 395 2891; x_wconf 90' lang='lat' dir='ltr'>K.</span> <span class='ocrx_word' id='word_1_396' title='bbox 414 2856 458 2890; x_wconf 87' lang='lat' dir='ltr'>E.</span> <span class='ocrx_word' id='word_1_397' title='bbox 477 2856 523 2891; x_wconf 91' lang='lat' dir='ltr'>H.</span> <span class='ocrx_word' id='word_1_398' title='bbox 543 2857 700 2897; x_wconf 82' lang='lat' dir='ltr'>Krause,</span> <span class='ocrx_word' id='word_1_399' title='bbox 727 2856 782 2891; x_wconf 60' lang='grc' dir='ltr'>(Ν.</span> <span class='ocrx_word' id='word_1_400' title='bbox 807 2855 956 2889; x_wconf 80' lang='lat' dir='ltr'>Archiv’</span> <span class='ocrx_word' id='word_1_401' title='bbox 982 2856 1087 2898; x_wconf 82' lang='lat' dir='ltr'>XVI,</span> <span class='ocrx_word' id='word_1_402' title='bbox 1113 2867 1151 2898; x_wconf 85' lang='lat' dir='ltr'>p.</span> <span class='ocrx_word' id='word_1_403' title='bbox 1174 2857 1254 2891; x_wconf 87' lang='grc'><strong>611.</strong></span> <span class='ocrx_word' id='word_1_404' title='bbox 1351 2855 1387 2898; x_wconf 86' lang='grc'>5)</span> <span class='ocrx_word' id='word_1_405' title='bbox 1408 2854 1535 2897; x_wconf 74' lang='lat' dir='ltr'>Verqil.</span> <span class='ocrx_word' id='word_1_406' title='bbox 1553 2854 1640 2889; x_wconf 77' lang='lat' dir='ltr'>Aen.</span> <span class='ocrx_word' id='word_1_407' title='bbox 1658 2854 1690 2897; x_wconf 86' lang='lat' dir='ltr'>I,</span> <span class='ocrx_word' id='word_1_408' title='bbox 1713 2864 1743 2889; x_wconf 86' lang='lat' dir='ltr'>v.</span> <span class='ocrx_word' id='word_1_409' title='bbox 1763 2854 1827 2889; x_wconf 85' lang='lat'>18:</span> 
     </span>
     <span class='ocr_line' id='line_1_46' title="bbox 348 2900 1827 2946; baseline 0 -11"><span class='ocrx_word' id='word_1_410' title='bbox 348 2903 376 2936; x_wconf 87' lang='lat' dir='ltr'>si</span> <span class='ocrx_word' id='word_1_411' title='bbox 403 2913 472 2946; x_wconf 86' lang='lat' dir='ltr'>qua</span> <span class='ocrx_word' id='word_1_412' title='bbox 497 2901 573 2935; x_wconf 81' lang='lat' dir='ltr'>fata</span> <span class='ocrx_word' id='word_1_413' title='bbox 589 2902 725 2946; x_wconf 79' lang='lat' dir='ltr'>sinant;</span> <span class='ocrx_word' id='word_1_414' title='bbox 753 2903 819 2946; x_wconf 86' lang='lat' dir='ltr'>IV,</span> <span class='ocrx_word' id='word_1_415' title='bbox 848 2915 874 2938; x_wconf 83' lang='lat' dir='ltr'>v.</span> <span class='ocrx_word' id='word_1_416' title='bbox 895 2905 983 2939; x_wconf 83' lang='lat'>651:</span> <span class='ocrx_word' id='word_1_417' title='bbox 1009 2902 1095 2936; x_wconf 92' lang='lat' dir='ltr'>dum</span> <span class='ocrx_word' id='word_1_418' title='bbox 1113 2901 1190 2935; x_wconf 81' lang='lat' dir='ltr'>fata</span> <span class='ocrx_word' id='word_1_419' title='bbox 1206 2901 1363 2945; x_wconf 88' lang='lat' dir='ltr'>deusque</span> <span class='ocrx_word' id='word_1_420' title='bbox 1384 2900 1535 2936; x_wconf 85' lang='lat' dir='ltr'>sinebat.</span> <span class='ocrx_word' id='word_1_421' title='bbox 1632 2900 1669 2946; x_wconf 92' lang='grc'>6)</span> <span class='ocrx_word' id='word_1_422' title='bbox 1695 2901 1827 2944; x_wconf 73' lang='lat' dir='ltr'>Veryil.</span> 
     </span>
     <span class='ocr_line' id='line_1_47' title="bbox 348 2948 1625 2993; baseline -0.001 -9"><span class='ocrx_word' id='word_1_423' title='bbox 348 2951 434 2984; x_wconf 74' lang='lat' dir='ltr'>Aen.</span> <span class='ocrx_word' id='word_1_424' title='bbox 462 2949 514 2991; x_wconf 85' lang='lat' dir='ltr'>H,</span> <span class='ocrx_word' id='word_1_425' title='bbox 539 2961 569 2984; x_wconf 85' lang='lat' dir='ltr'>v.</span> <span class='ocrx_word' id='word_1_426' title='bbox 596 2951 684 2984; x_wconf 81' lang='lat'>265:</span> <span class='ocrx_word' id='word_1_427' title='bbox 711 2960 836 2983; x_wconf 89' lang='lat' dir='ltr'>somno</span> <span class='ocrx_word' id='word_1_428' title='bbox 862 2949 1017 2993; x_wconf 88' lang='lat' dir='ltr'>vinoque</span> <span class='ocrx_word' id='word_1_429' title='bbox 1042 2949 1231 2993; x_wconf 84' lang='lat' dir='ltr'>sepultam.</span> <span class='ocrx_word' id='word_1_430' title='bbox 1281 2948 1335 2990; x_wconf 78' lang='lat' dir='ltr'>Cf.</span> <span class='ocrx_word' id='word_1_431' title='bbox 1361 2948 1466 2990; x_wconf 76' lang='lat' dir='ltr'>infra</span> <span class='ocrx_word' id='word_1_432' title='bbox 1490 2948 1543 2990; x_wconf 86' lang='lat' dir='ltr'>H,</span> <span class='ocrx_word' id='word_1_433' title='bbox 1568 2949 1625 2983; x_wconf 83' lang='lat'>20.</span> 
     </span>
    </p>
   </div>
   <div class='ocr_carea' id='block_1_5' title="bbox 1868 982 1902 1007">
    <p class='ocr_par' dir='ltr' id='par_1_6' title="bbox 1868 982 1902 1007">
     <span class='ocr_line' id='line_1_48' title="bbox 1868 982 1902 1007; baseline 0.029 -1"><span class='ocrx_word' id='word_1_434' title='bbox 1868 982 1902 1007; x_wconf 90' lang='grc'>10</span> 
     </span>
    </p>
   </div>
   <div class='ocr_carea' id='block_1_6' title="bbox 1868 1158 1991 1191">
    <p class='ocr_par' dir='ltr' id='par_1_7' title="bbox 1868 1158 1991 1191">
     <span class='ocr_line' id='line_1_49' title="bbox 1868 1158 1991 1191; baseline -0.016 -4"><span class='ocrx_word' id='word_1_435' title='bbox 1868 1158 1912 1191; x_wconf 59' lang='grc' dir='ltr'>*μ</span> <span class='ocrx_word' id='word_1_436' title='bbox 1925 1159 1991 1185; x_wconf 71' lang='lat'>428.</span> 
     </span>
    </p>
   </div>
   <div class='ocr_carea' id='block_1_7' title="bbox 1868 1275 1900 1301">
    <p class='ocr_par' dir='ltr' id='par_1_8' title="bbox 1868 1275 1900 1301">
     <span class='ocr_line' id='line_1_50' title="bbox 1868 1275 1900 1301; baseline 0.031 -1"><span class='ocrx_word' id='word_1_437' title='bbox 1868 1275 1900 1301; x_wconf 86' lang='lat'>15</span> 
     </span>
    </p>
   </div>
   <div class='ocr_carea' id='block_1_8' title="bbox 1865 1569 1900 1595">
    <p class='ocr_par' dir='ltr' id='par_1_9' title="bbox 1865 1569 1900 1595">
     <span class='ocr_line' id='line_1_51' title="bbox 1865 1569 1900 1595; baseline 0 0"><span class='ocrx_word' id='word_1_438' title='bbox 1865 1569 1900 1595; x_wconf 79' lang='lat'>20</span> 
     </span>
    </p>
   </div>
   <div class='ocr_carea' id='block_1_9' title="bbox 1862 1862 1914 1888">
    <p class='ocr_par' dir='ltr' id='par_1_10' title="bbox 1862 1862 1914 1888">
     <span class='ocr_line' id='line_1_52' title="bbox 1862 1862 1914 1888; baseline 0 0"><span class='ocrx_word' id='word_1_439' title='bbox 1862 1862 1900 1888; x_wconf 79' lang='lat'>25</span> <span class='ocrx_word' id='word_1_440' title='bbox 1908 1871 1914 1881; x_wconf 52' lang='grc' dir='ltr'>ι’</span> 
     </span>
    </p>
   </div>
   <div class='ocr_carea' id='block_1_10' title="bbox 1852 2910 1890 2936">
    <p class='ocr_par' dir='ltr' id='par_1_11' title="bbox 1852 2910 1890 2936">
     <span class='ocr_line' id='line_1_53' title="bbox 1852 2910 1890 2936; baseline 0 0"><span class='ocrx_word' id='word_1_441' title='bbox 1852 2910 1890 2936; x_wconf 77' lang='lat'>45</span> 
     </span>
    </p>
   </div>
  </div>
 </body>
</html>
