<?xml version="1.0" encoding="UTF-8"?>
<!DOCTYPE html PUBLIC "-//W3C//DTD XHTML 1.0 Transitional//EN"
    "http://www.w3.org/TR/xhtml1/DTD/xhtml1-transitional.dtd">
<html xmlns="http://www.w3.org/1999/xhtml" xml:lang="en" lang="en">
 <head>
  <title>
</title>
<meta http-equiv="Content-Type" content="text/html;charset=utf-8" />
  <meta name='ocr-system' content='tesseract 3.04.00' />
  <meta name='ocr-capabilities' content='ocr_page ocr_carea ocr_par ocr_line ocrx_word'/>
</head>
<body>
  <div class='ocr_page' id='page_1' title='image "./rerumgestarumsax00widuuoft_0080.png"; bbox 0 0 2034 3380; ppageno 0'>
   <div class='ocr_carea' id='block_1_1' title="bbox 334 328 1222 369">
    <p class='ocr_par' dir='ltr' id='par_1_1' title="bbox 334 328 1222 369">
     <span class='ocr_line' id='line_1_1' title="bbox 334 328 1222 369; baseline -0.005 0"><span class='ocrx_word' id='word_1_1' title='bbox 334 336 380 369; x_wconf 83' lang='lat'>42</span> <span class='ocrx_word' id='word_1_2' title='bbox 930 328 1222 365; x_wconf 89' lang='lat' dir='ltr'>WIDUKINDI</span> 
     </span>
    </p>
   </div>
   <div class='ocr_carea' id='block_1_2' title="bbox 335 447 1822 1152">
    <p class='ocr_par' dir='ltr' id='par_1_2' title="bbox 335 447 1822 1152">
     <span class='ocr_line' id='line_1_2' title="bbox 336 447 1818 506; baseline -0.001 -12"><span class='ocrx_word' id='word_1_3' title='bbox 336 465 536 494; x_wconf 89' lang='lat' dir='ltr'>crescere</span> <span class='ocrx_word' id='word_1_4' title='bbox 551 451 578 502; x_wconf 78' lang='lat'>1,</span> <span class='ocrx_word' id='word_1_5' title='bbox 624 451 797 493; x_wconf 73' lang='lat' dir='ltr'>doneca</span> <span class='ocrx_word' id='word_1_6' title='bbox 833 451 1054 493; x_wconf 71' lang='lat' dir='ltr'>dilatatae</span> <span class='ocrx_word' id='word_1_7' title='bbox 1094 451 1195 506; x_wconf 87' lang='lat' dir='ltr'>ipsa-</span> <span class='ocrx_word' id='word_1_8' title='bbox 1233 447 1341 493; x_wconf 79' lang='lat' dir='ltr'>suab</span> <span class='ocrx_word' id='word_1_9' title='bbox 1377 451 1469 493; x_wconf 92' lang='lat' dir='ltr'>iam</span> <span class='ocrx_word' id='word_1_10' title='bbox 1501 451 1818 505; x_wconf 86' lang='lat' dir='ltr'>magnitudine</span> 
     </span>
     <span class='ocr_line' id='line_1_3' title="bbox 335 509 1819 561; baseline -0.001 -9"><span class='ocrx_word' id='word_1_11' title='bbox 335 511 559 561; x_wconf 85' lang='lat' dir='ltr'>laborant,</span> <span class='ocrx_word' id='word_1_12' title='bbox 601 512 656 551; x_wconf 92' lang='lat' dir='ltr'>ut</span> <span class='ocrx_word' id='word_1_13' title='bbox 696 510 900 552; x_wconf 86' lang='lat' dir='ltr'>videmus</span> <span class='ocrx_word' id='word_1_14' title='bbox 949 511 998 551; x_wconf 89' lang='lat' dir='ltr'>in</span> <span class='ocrx_word' id='word_1_15' title='bbox 1034 523 1186 552; x_wconf 87' lang='lat' dir='ltr'>amore</span> <span class='ocrx_word' id='word_1_16' title='bbox 1226 510 1387 551; x_wconf 88' lang='lat' dir='ltr'>mundi</span> <span class='ocrx_word' id='word_1_17' title='bbox 1428 512 1475 552; x_wconf 91' lang='lat' dir='ltr'>et</span> <span class='ocrx_word' id='word_1_18' title='bbox 1514 510 1658 552; x_wconf 90' lang='lat' dir='ltr'>totius</span> <span class='ocrx_word' id='word_1_19' title='bbox 1698 509 1819 551; x_wconf 89' lang='lat' dir='ltr'>orbis</span> 
     </span>
     <span class='ocr_line' id='line_1_4' title="bbox 337 567 1818 624; baseline -0.001 -13"><span class='ocrx_word' id='word_1_20' title='bbox 337 570 499 624; x_wconf 87' lang='lat' dir='ltr'>capite,</span> <span class='ocrx_word' id='word_1_21' title='bbox 533 573 663 624; x_wconf 88' lang='lat' dir='ltr'>patre</span> <span class='ocrx_word' id='word_1_22' title='bbox 694 571 789 619; x_wconf 91' lang='lat' dir='ltr'>tuo,</span> <span class='ocrx_word' id='word_1_23' title='bbox 824 569 952 611; x_wconf 89' lang='lat' dir='ltr'>cuius</span> <span class='ocrx_word' id='word_1_24' title='bbox 984 570 1219 623; x_wconf 87' lang='lat' dir='ltr'>potentiae</span> <span class='ocrx_word' id='word_1_25' title='bbox 1242 570 1523 611; x_wconf 82' lang='lat' dir='ltr'>maiestatem</span> <span class='ocrx_word' id='word_1_26' title='bbox 1558 582 1651 610; x_wconf 90' lang='lat' dir='ltr'>non</span> <span class='ocrx_word' id='word_1_27' title='bbox 1672 567 1818 610; x_wconf 87' lang='lat' dir='ltr'>solum</span> 
     </span>
     <span class='ocr_line' id='line_1_5' title="bbox 337 627 1819 682; baseline -0.002 -12"><span class='ocrx_word' id='word_1_28' title='bbox 337 627 595 677; x_wconf 80' lang='lat' dir='ltr'>Germania,</span> <span class='ocrx_word' id='word_1_29' title='bbox 628 628 768 669; x_wconf 86' lang='lat' dir='ltr'>Italia</span> <span class='ocrx_word' id='word_1_30' title='bbox 794 630 931 682; x_wconf 88' lang='lat' dir='ltr'>atque</span> <span class='ocrx_word' id='word_1_31' title='bbox 954 627 1119 678; x_wconf 77' lang='lat' dir='ltr'>Gallia,</span> <span class='ocrx_word' id='word_1_32' title='bbox 1154 628 1233 670; x_wconf 88' lang='lat' dir='ltr'>sed</span> <span class='ocrx_word' id='word_1_33' title='bbox 1264 630 1365 669; x_wconf 86' lang='lat' dir='ltr'>tota</span> <span class='ocrx_word' id='word_1_34' title='bbox 1395 628 1491 669; x_wconf 84' lang='lat' dir='ltr'>fere</span> <span class='ocrx_word' id='word_1_35' title='bbox 1513 627 1697 681; x_wconf 79' lang='lat' dir='ltr'>Europa</span> <span class='ocrx_word' id='word_1_36' title='bbox 1727 640 1819 669; x_wconf 91' lang='lat' dir='ltr'>non</span> 
     </span>
     <span class='ocr_line' id='line_1_6' title="bbox 337 686 1819 742; baseline -0.001 -13"><span class='ocrx_word' id='word_1_37' title='bbox 337 687 545 729; x_wconf 88' lang='lat' dir='ltr'>sustinet.</span> <span class='ocrx_word' id='word_1_38' title='bbox 617 686 767 729; x_wconf 82' lang='lat' dir='ltr'>Colito</span> <span class='ocrx_word' id='word_1_39' title='bbox 807 687 963 741; x_wconf 88' lang='lat' dir='ltr'>itaque</span> <span class='ocrx_word' id='word_1_40' title='bbox 1002 689 1212 728; x_wconf 80' lang='lat' dir='ltr'>tantum⁰</span> <span class='ocrx_word' id='word_1_41' title='bbox 1258 689 1516 742; x_wconf 86' lang='lat' dir='ltr'>patronum,</span> <span class='ocrx_word' id='word_1_42' title='bbox 1560 700 1649 740; x_wconf 92' lang='lat' dir='ltr'>quo</span> <span class='ocrx_word' id='word_1_43' title='bbox 1689 686 1819 727; x_wconf 84' lang='lat' dir='ltr'>adve-</span> 
     </span>
     <span class='ocr_line' id='line_1_7' title="bbox 336 745 1821 788; baseline -0.001 -1"><span class='ocrx_word' id='word_1_44' title='bbox 336 746 492 788; x_wconf 87' lang='lat' dir='ltr'>niente</span> <span class='ocrx_word' id='word_1_45' title='bbox 525 746 721 788; x_wconf 84' lang='lat' dir='ltr'>Saxonia</span> <span class='ocrx_word' id='word_1_46' title='bbox 753 759 807 788; x_wconf 87' lang='lat' dir='ltr'>ex</span> <span class='ocrx_word' id='word_1_47' title='bbox 839 759 968 788; x_wconf 82' lang='lat' dir='ltr'>serva</span> <span class='ocrx_word' id='word_1_48' title='bbox 988 746 1115 787; x_wconf 82' lang='lat' dir='ltr'>facta</span> <span class='ocrx_word' id='word_1_49' title='bbox 1146 747 1215 787; x_wconf 90' lang='lat' dir='ltr'>est</span> <span class='ocrx_word' id='word_1_50' title='bbox 1237 746 1382 787; x_wconf 87' lang='lat' dir='ltr'>libera</span> <span class='ocrx_word' id='word_1_51' title='bbox 1413 747 1459 787; x_wconf 91' lang='lat' dir='ltr'>et</span> <span class='ocrx_word' id='word_1_52' title='bbox 1491 758 1545 787; x_wconf 88' lang='lat' dir='ltr'>ex</span> <span class='ocrx_word' id='word_1_53' title='bbox 1575 745 1821 786; x_wconf 84' lang='lat' dir='ltr'>tributaria</span> 
     </span>
     <span class='ocr_line' id='line_1_8' title="bbox 337 803 1820 859; baseline -0.001 -13"><span class='ocrx_word' id='word_1_54' title='bbox 337 804 585 846; x_wconf 79' lang='lat' dir='ltr'>multarum</span> <span class='ocrx_word' id='word_1_55' title='bbox 618 805 825 859; x_wconf 91' lang='lat' dir='ltr'>gentium</span> <span class='ocrx_word' id='word_1_56' title='bbox 850 804 1034 846; x_wconf 90' lang='lat' dir='ltr'>domina</span> <span class='ocrx_word' id='word_1_57' title='bbox 1048 805 1076 844; x_wconf 73' lang='grc'>2.</span> <span class='ocrx_word' id='word_1_58' title='bbox 1123 804 1283 858; x_wconf 87' lang='lat' dir='ltr'>Neque</span> <span class='ocrx_word' id='word_1_59' title='bbox 1306 804 1427 846; x_wconf 90' lang='lat' dir='ltr'>enim</span> <span class='ocrx_word' id='word_1_60' title='bbox 1448 803 1556 845; x_wconf 88' lang='lat' dir='ltr'>talis</span> <span class='ocrx_word' id='word_1_61' title='bbox 1578 817 1630 845; x_wconf 90' lang='grc'>30</span> <span class='ocrx_word' id='word_1_62' title='bbox 1662 805 1820 845; x_wconf 85' lang='grc'>1331113118</span> 
     </span>
     <span class='ocr_line' id='line_1_9' title="bbox 337 860 1814 917; baseline -0.001 -12"><span class='ocrx_word' id='word_1_63' title='bbox 337 860 530 905; x_wconf 73' lang='lat' dir='ltr'>summid</span> <span class='ocrx_word' id='word_1_64' title='bbox 556 863 644 905; x_wconf 87' lang='lat' dir='ltr'>Dei</span> <span class='ocrx_word' id='word_1_65' title='bbox 676 864 848 904; x_wconf 87' lang='lat' dir='ltr'>amicus</span> <span class='ocrx_word' id='word_1_66' title='bbox 878 863 950 904; x_wconf 91' lang='lat' dir='ltr'>tui</span> <span class='ocrx_word' id='word_1_67' title='bbox 981 863 1130 916; x_wconf 87' lang='lat' dir='ltr'>gratia</span> <span class='ocrx_word' id='word_1_68' title='bbox 1159 863 1350 917; x_wconf 89' lang='lat' dir='ltr'>indiget,</span> <span class='ocrx_word' id='word_1_69' title='bbox 1383 876 1467 904; x_wconf 92' lang='lat' dir='ltr'>nos</span> <span class='ocrx_word' id='word_1_70' title='bbox 1487 875 1594 904; x_wconf 85' lang='lat' dir='ltr'>vero</span> <span class='ocrx_word' id='word_1_71' title='bbox 1624 861 1814 903; x_wconf 73' lang='grc' dir='ltr'>131111111θ</span> 
     </span>
     <span class='ocr_line' id='line_1_10' title="bbox 336 921 1821 977; baseline -0.001 -14"><span class='ocrx_word' id='word_1_72' title='bbox 336 922 480 977; x_wconf 89' lang='lat' dir='ltr'>ipsius</span> <span class='ocrx_word' id='word_1_73' title='bbox 518 922 791 977; x_wconf 82' lang='lat' dir='ltr'>indigemus.</span> <span class='ocrx_word' id='word_1_74' title='bbox 863 921 997 962; x_wconf 88' lang='lat' dir='ltr'>Unde</span> <span class='ocrx_word' id='word_1_75' title='bbox 1036 923 1091 962; x_wconf 91' lang='lat' dir='ltr'>ut</span> <span class='ocrx_word' id='word_1_76' title='bbox 1131 935 1236 963; x_wconf 87' lang='lat' dir='ltr'>eum</span> <span class='ocrx_word' id='word_1_77' title='bbox 1281 921 1425 975; x_wconf 87' lang='lat' dir='ltr'>possis</span> <span class='ocrx_word' id='word_1_78' title='bbox 1471 921 1641 962; x_wconf 86' lang='lat' dir='ltr'>habere</span> <span class='ocrx_word' id='word_1_79' title='bbox 1685 921 1821 962; x_wconf 86' lang='lat' dir='ltr'>inter-</span> 
     </span>
     <span class='ocr_line' id='line_1_11' title="bbox 338 975 1821 1034; baseline -0.001 -12"><span class='ocrx_word' id='word_1_80' title='bbox 338 994 558 1022; x_wconf 78' lang='lat' dir='ltr'>cessorem</span> <span class='ocrx_word' id='word_1_81' title='bbox 607 981 729 1034; x_wconf 89' lang='lat' dir='ltr'>apud</span> <span class='ocrx_word' id='word_1_82' title='bbox 776 979 1018 1021; x_wconf 86' lang='lat' dir='ltr'>caelestem</span> <span class='ocrx_word' id='word_1_83' title='bbox 1070 980 1405 1034; x_wconf 85' lang='lat' dir='ltr'>imperatorem,</span> <span class='ocrx_word' id='word_1_84' title='bbox 1454 975 1730 1021; x_wconf 81' lang='lat' dir='ltr'>habeamusf</span> <span class='ocrx_word' id='word_1_85' title='bbox 1773 981 1821 1020; x_wconf 91' lang='lat' dir='ltr'>te</span> 
     </span>
     <span class='ocr_line' id='line_1_12' title="bbox 338 1037 1822 1093; baseline -0.001 -13"><span class='ocrx_word' id='word_1_86' title='bbox 338 1040 640 1080; x_wconf 57' lang='lat' dir='ltr'>advocatum&amp;</span> <span class='ocrx_word' id='word_1_87' title='bbox 665 1039 788 1093; x_wconf 89' lang='lat' dir='ltr'>apud</span> <span class='ocrx_word' id='word_1_88' title='bbox 819 1041 1051 1080; x_wconf 87' lang='lat' dir='ltr'>terrenum</span> <span class='ocrx_word' id='word_1_89' title='bbox 1083 1051 1251 1093; x_wconf 84' lang='lat' dir='ltr'>regem,</span> <span class='ocrx_word' id='word_1_90' title='bbox 1283 1041 1416 1079; x_wconf 88' lang='lat' dir='ltr'>tuum</span> <span class='ocrx_word' id='word_1_91' title='bbox 1449 1037 1624 1079; x_wconf 90' lang='lat' dir='ltr'>scilicet</span> <span class='ocrx_word' id='word_1_92' title='bbox 1645 1039 1822 1092; x_wconf 85' lang='lat' dir='ltr'>patrem</span> 
     </span>
     <span class='ocr_line' id='line_1_13' title="bbox 338 1097 712 1152; baseline -0.003 -13"><span class='ocrx_word' id='word_1_93' title='bbox 338 1100 475 1152; x_wconf 87' lang='lat' dir='ltr'>atque</span> <span class='ocrx_word' id='word_1_94' title='bbox 505 1097 712 1139; x_wconf 84' lang='lat' dir='ltr'>fratrem.</span> 
     </span>
    </p>
   </div>
   <div class='ocr_carea' id='block_1_3' title="bbox 337 1177 1824 1986">
    <p class='ocr_par' dir='ltr' id='par_1_3' title="bbox 337 1177 1824 1986">
     <span class='ocr_line' id='line_1_14' title="bbox 479 1177 1822 1234; baseline -0.001 -14"><span class='ocrx_word' id='word_1_95' title='bbox 479 1179 671 1221; x_wconf 88' lang='lat' dir='ltr'>XXXV.</span> <span class='ocrx_word' id='word_1_96' title='bbox 734 1179 887 1234; x_wconf 83' lang='lat' dir='ltr'>Igitur</span> <span class='ocrx_word' id='word_1_97' title='bbox 935 1179 1181 1221; x_wconf 90' lang='lat' dir='ltr'>Heinricus</span> <span class='ocrx_word' id='word_1_98' title='bbox 1232 1192 1310 1220; x_wconf 87' lang='lat' dir='ltr'>rex</span> <span class='ocrx_word' id='word_1_99' title='bbox 1362 1180 1551 1233; x_wconf 85' lang='lat' dir='ltr'>accepta</span> <span class='ocrx_word' id='word_1_100' title='bbox 1602 1191 1713 1233; x_wconf 87' lang='lat' dir='ltr'>pace</span> <span class='ocrx_word' id='word_1_101' title='bbox 1765 1177 1822 1219; x_wconf 87' lang='lat' dir='ltr'>ab</span> 
     </span>
     <span class='ocr_line' id='line_1_15' title="bbox 338 1236 1823 1293; baseline -0.002 -13"><span class='ocrx_word' id='word_1_102' title='bbox 338 1238 552 1293; x_wconf 85' lang='lat' dir='ltr'>Ungariis</span> <span class='ocrx_word' id='word_1_103' title='bbox 591 1238 650 1279; x_wconf 87' lang='lat' dir='ltr'>ad</span> <span class='ocrx_word' id='word_1_104' title='bbox 681 1251 842 1280; x_wconf 87' lang='lat' dir='ltr'>novem</span> <span class='ocrx_word' id='word_1_105' title='bbox 885 1251 1027 1279; x_wconf 85' lang='lat' dir='ltr'>annos</span> <span class='ocrx_word' id='word_1_106' title='bbox 1068 1239 1242 1292; x_wconf 89' lang='lat' dir='ltr'>quanta</span> <span class='ocrx_word' id='word_1_107' title='bbox 1282 1237 1528 1292; x_wconf 87' lang='lat' dir='ltr'>prudentia</span> <span class='ocrx_word' id='word_1_108' title='bbox 1563 1236 1823 1291; x_wconf 72' lang='lat' dir='ltr'>vigilaverit</span> 
     </span>
     <span class='ocr_line' id='line_1_16' title="bbox 338 1295 1820 1352; baseline -0.001 -14"><span class='ocrx_word' id='word_1_109' title='bbox 338 1297 387 1338; x_wconf 90' lang='lat' dir='ltr'>in</span> <span class='ocrx_word' id='word_1_110' title='bbox 418 1298 666 1339; x_wconf 89' lang='lat' dir='ltr'>munienda</span> <span class='ocrx_word' id='word_1_111' title='bbox 697 1297 847 1352; x_wconf 87' lang='lat' dir='ltr'>patria</span> <span class='ocrx_word' id='word_1_112' title='bbox 879 1299 925 1338; x_wconf 89' lang='lat' dir='ltr'>et</span> <span class='ocrx_word' id='word_1_113' title='bbox 956 1297 1005 1337; x_wconf 90' lang='lat' dir='ltr'>in</span> <span class='ocrx_word' id='word_1_114' title='bbox 1035 1297 1339 1351; x_wconf 88' lang='lat' dir='ltr'>expugnando</span> <span class='ocrx_word' id='word_1_115' title='bbox 1361 1295 1577 1337; x_wconf 85' lang='lat' dir='ltr'>barbaras</span> <span class='ocrx_word' id='word_1_116' title='bbox 1599 1295 1820 1345; x_wconf 88' lang='lat' dir='ltr'>nationes,</span> 
     </span>
     <span class='ocr_line' id='line_1_17' title="bbox 339 1350 1822 1411; baseline -0.003 -13"><span class='ocrx_word' id='word_1_117' title='bbox 339 1370 476 1411; x_wconf 86' lang='lat' dir='ltr'>supra</span> <span class='ocrx_word' id='word_1_118' title='bbox 520 1358 722 1397; x_wconf 89' lang='lat' dir='ltr'>nostram</span> <span class='ocrx_word' id='word_1_119' title='bbox 771 1357 840 1398; x_wconf 90' lang='lat' dir='ltr'>est</span> <span class='ocrx_word' id='word_1_120' title='bbox 880 1356 1099 1397; x_wconf 86' lang='lat' dir='ltr'>virtutem</span> <span class='ocrx_word' id='word_1_121' title='bbox 1146 1355 1335 1406; x_wconf 84' lang='lat' dir='ltr'>edicere,</span> <span class='ocrx_word' id='word_1_122' title='bbox 1376 1350 1514 1397; x_wconf 90' lang='lat' dir='ltr'>liceth</span> <span class='ocrx_word' id='word_1_123' title='bbox 1550 1354 1822 1396; x_wconf 79' lang='lat' dir='ltr'>omnimodis</span> 
     </span>
     <span class='ocr_line' id='line_1_18' title="bbox 337 1412 1823 1469; baseline -0.001 -14"><span class='ocrx_word' id='word_1_124' title='bbox 337 1429 431 1456; x_wconf 92' lang='lat' dir='ltr'>non</span> <span class='ocrx_word' id='word_1_125' title='bbox 472 1416 682 1469; x_wconf 88' lang='lat' dir='ltr'>oporteat</span> <span class='ocrx_word' id='word_1_126' title='bbox 721 1414 878 1456; x_wconf 90' lang='lat' dir='ltr'>taceri.</span> <span class='ocrx_word' id='word_1_127' title='bbox 956 1414 1016 1455; x_wconf 83' lang='lat' dir='ltr'>Et</span> <span class='ocrx_word' id='word_1_128' title='bbox 1061 1414 1257 1469; x_wconf 90' lang='lat' dir='ltr'>primum</span> <span class='ocrx_word' id='word_1_129' title='bbox 1305 1413 1486 1467; x_wconf 90' lang='lat' dir='ltr'>quidem</span> <span class='ocrx_word' id='word_1_130' title='bbox 1535 1427 1590 1455; x_wconf 85' lang='lat' dir='ltr'>ex</span> <span class='ocrx_word' id='word_1_131' title='bbox 1633 1412 1823 1467; x_wconf 86' lang='lat' dir='ltr'>agrariis</span> 
     </span>
     <span class='ocr_line' id='line_1_19' title="bbox 339 1467 1820 1527; baseline -0.001 -13"><span class='ocrx_word' id='word_1_132' title='bbox 339 1473 564 1515; x_wconf 73' lang='lat' dir='ltr'>militibus</span> <span class='ocrx_word' id='word_1_133' title='bbox 595 1469 790 1515; x_wconf 85' lang='lat' dir='ltr'>nonumi</span> <span class='ocrx_word' id='word_1_134' title='bbox 821 1486 1044 1527; x_wconf 85' lang='lat' dir='ltr'>quemque</span> <span class='ocrx_word' id='word_1_135' title='bbox 1076 1472 1249 1527; x_wconf 89' lang='lat' dir='ltr'>eligens</span> <span class='ocrx_word' id='word_1_136' title='bbox 1279 1472 1329 1513; x_wconf 92' lang='lat' dir='ltr'>in</span> <span class='ocrx_word' id='word_1_137' title='bbox 1359 1471 1550 1514; x_wconf 86' lang='lat' dir='ltr'>urbibus</span> <span class='ocrx_word' id='word_1_138' title='bbox 1580 1467 1820 1513; x_wconf 80' lang='lat' dir='ltr'>habitarek</span> 
     </span>
     <span class='ocr_line' id='line_1_20' title="bbox 338 1530 1823 1582; baseline -0.003 -8"><span class='ocrx_word' id='word_1_139' title='bbox 338 1533 464 1582; x_wconf 89' lang='grc'>100113,</span> <span class='ocrx_word' id='word_1_140' title='bbox 497 1534 551 1573; x_wconf 91' lang='lat' dir='ltr'>ut</span> <span class='ocrx_word' id='word_1_141' title='bbox 583 1532 745 1574; x_wconf 89' lang='lat' dir='ltr'>ceteris</span> <span class='ocrx_word' id='word_1_142' title='bbox 778 1531 1169 1574; x_wconf 84' lang='lat' dir='ltr'>confamiliaribus</span> <span class='ocrx_word' id='word_1_143' title='bbox 1202 1532 1294 1572; x_wconf 86' lang='lat' dir='ltr'>suis</span> <span class='ocrx_word' id='word_1_144' title='bbox 1326 1533 1429 1572; x_wconf 83' lang='lat' dir='ltr'>octo</span> <span class='ocrx_word' id='word_1_145' title='bbox 1457 1530 1724 1572; x_wconf 83' lang='lat' dir='ltr'>habitacula</span> <span class='ocrx_word' id='word_1_146' title='bbox 1755 1543 1823 1572; x_wconf 85' lang='lat' dir='ltr'>ex-</span> 
     </span>
     <span class='ocr_line' id='line_1_21' title="bbox 338 1589 1824 1645; baseline -0.001 -13"><span class='ocrx_word' id='word_1_147' title='bbox 338 1593 526 1641; x_wconf 87' lang='lat' dir='ltr'>trueret,</span> <span class='ocrx_word' id='word_1_148' title='bbox 567 1591 754 1645; x_wconf 83' lang='lat' dir='ltr'>frugum</span> <span class='ocrx_word' id='word_1_149' title='bbox 786 1590 989 1632; x_wconf 91' lang='lat' dir='ltr'>omnium</span> <span class='ocrx_word' id='word_1_150' title='bbox 1023 1590 1207 1632; x_wconf 88' lang='lat' dir='ltr'>tertiam</span> <span class='ocrx_word' id='word_1_151' title='bbox 1250 1591 1427 1644; x_wconf 87' lang='lat' dir='ltr'>partem</span> <span class='ocrx_word' id='word_1_152' title='bbox 1470 1589 1699 1644; x_wconf 71' lang='lat' dir='ltr'>exciperet</span> <span class='ocrx_word' id='word_1_153' title='bbox 1738 1602 1824 1630; x_wconf 87' lang='lat' dir='ltr'>ser-</span> 
     </span>
     <span class='ocr_line' id='line_1_22' title="bbox 338 1648 1824 1703; baseline -0.001 -13"><span class='ocrx_word' id='word_1_154' title='bbox 338 1652 571 1703; x_wconf 87' lang='lat' dir='ltr'>varetque.</span> <span class='ocrx_word' id='word_1_155' title='bbox 653 1648 806 1691; x_wconf 86' lang='lat' dir='ltr'>Ceteri</span> <span class='ocrx_word' id='word_1_156' title='bbox 855 1662 963 1691; x_wconf 86' lang='lat' dir='ltr'>vero</span> <span class='ocrx_word' id='word_1_157' title='bbox 1017 1650 1120 1691; x_wconf 91' lang='lat' dir='ltr'>octo</span> <span class='ocrx_word' id='word_1_158' title='bbox 1172 1649 1450 1690; x_wconf 73' lang='lat' dir='ltr'>seminarent</span> <span class='ocrx_word' id='word_1_159' title='bbox 1501 1650 1547 1689; x_wconf 90' lang='grc'>013</span> <span class='ocrx_word' id='word_1_160' title='bbox 1598 1649 1824 1689; x_wconf 86' lang='lat' dir='ltr'>meterent</span> 
     </span>
     <span class='ocr_line' id='line_1_23' title="bbox 338 1706 1823 1763; baseline -0.001 -14"><span class='ocrx_word' id='word_1_161' title='bbox 338 1709 586 1763; x_wconf 85' lang='lat' dir='ltr'>frugesque</span> <span class='ocrx_word' id='word_1_162' title='bbox 618 1707 890 1762; x_wconf 86' lang='lat' dir='ltr'>colligerent</span> <span class='ocrx_word' id='word_1_163' title='bbox 921 1721 1042 1749; x_wconf 91' lang='lat' dir='ltr'>nono</span> <span class='ocrx_word' id='word_1_164' title='bbox 1075 1710 1121 1749; x_wconf 93' lang='lat' dir='ltr'>et</span> <span class='ocrx_word' id='word_1_165' title='bbox 1153 1707 1246 1748; x_wconf 87' lang='lat' dir='ltr'>suis</span> <span class='ocrx_word' id='word_1_166' title='bbox 1279 1720 1353 1748; x_wconf 89' lang='lat' dir='ltr'>eas</span> <span class='ocrx_word' id='word_1_167' title='bbox 1375 1706 1487 1748; x_wconf 89' lang='lat' dir='ltr'>locis</span> <span class='ocrx_word' id='word_1_168' title='bbox 1509 1706 1823 1749; x_wconf 86' lang='lat' dir='ltr'>reconderent.</span> 
     </span>
     <span class='ocr_line' id='line_1_24' title="bbox 339 1764 1823 1820; baseline -0.001 -12"><span class='ocrx_word' id='word_1_169' title='bbox 339 1766 545 1809; x_wconf 82' lang='lat' dir='ltr'>Concilia</span> <span class='ocrx_word' id='word_1_170' title='bbox 577 1769 622 1808; x_wconf 90' lang='lat' dir='ltr'>et</span> <span class='ocrx_word' id='word_1_171' title='bbox 654 1780 810 1808; x_wconf 89' lang='lat' dir='ltr'>omnes</span> <span class='ocrx_word' id='word_1_172' title='bbox 844 1768 1094 1808; x_wconf 86' lang='lat' dir='ltr'>conventus</span> <span class='ocrx_word' id='word_1_173' title='bbox 1127 1768 1264 1820; x_wconf 84' lang='lat' dir='ltr'>atque</span> <span class='ocrx_word' id='word_1_174' title='bbox 1298 1765 1505 1808; x_wconf 84' lang='lat' dir='ltr'>convivia</span> <span class='ocrx_word' id='word_1_175' title='bbox 1543 1765 1593 1806; x_wconf 89' lang='lat' dir='ltr'>in</span> <span class='ocrx_word' id='word_1_176' title='bbox 1632 1764 1823 1807; x_wconf 88' lang='lat' dir='ltr'>urbibus</span> 
     </span>
     <span class='ocr_line' id='line_1_25' title="bbox 337 1824 1824 1879; baseline -0.001 -12"><span class='ocrx_word' id='word_1_177' title='bbox 337 1826 485 1868; x_wconf 84' lang='lat' dir='ltr'>voluit</span> <span class='ocrx_word' id='word_1_178' title='bbox 518 1825 760 1876; x_wconf 80' lang='lat' dir='ltr'>celebrari3</span> <span class='ocrx_word' id='word_1_179' title='bbox 793 1825 843 1866; x_wconf 88' lang='lat' dir='ltr'>in</span> <span class='ocrx_word' id='word_1_180' title='bbox 874 1825 1038 1879; x_wconf 90' lang='lat' dir='ltr'>quibus</span> <span class='ocrx_word' id='word_1_181' title='bbox 1070 1825 1334 1867; x_wconf 82' lang='lat' dir='ltr'>extruendis</span> <span class='ocrx_word' id='word_1_182' title='bbox 1366 1824 1440 1866; x_wconf 91' lang='lat' dir='ltr'>die</span> <span class='ocrx_word' id='word_1_183' title='bbox 1461 1825 1691 1878; x_wconf 88' lang='lat' dir='ltr'>noctuque</span> <span class='ocrx_word' id='word_1_184' title='bbox 1723 1837 1824 1878; x_wconf 89' lang='lat' dir='ltr'>ope-</span> 
     </span>
     <span class='ocr_line' id='line_1_26' title="bbox 337 1883 1824 1939; baseline -0.002 -13"><span class='ocrx_word' id='word_1_185' title='bbox 337 1899 435 1926; x_wconf 88' lang='lat' dir='ltr'>ram</span> <span class='ocrx_word' id='word_1_186' title='bbox 477 1885 663 1934; x_wconf 86' lang='lat' dir='ltr'>dabant,</span> <span class='ocrx_word' id='word_1_187' title='bbox 712 1884 928 1939; x_wconf 86' lang='lat' dir='ltr'>quatinus</span> <span class='ocrx_word' id='word_1_188' title='bbox 969 1884 1018 1925; x_wconf 87' lang='lat' dir='ltr'>in</span> <span class='ocrx_word' id='word_1_189' title='bbox 1061 1897 1172 1938; x_wconf 88' lang='lat' dir='ltr'>pace</span> <span class='ocrx_word' id='word_1_190' title='bbox 1219 1883 1459 1933; x_wconf 88' lang='lat' dir='ltr'>discerent,</span> <span class='ocrx_word' id='word_1_191' title='bbox 1507 1883 1616 1937; x_wconf 90' lang='lat' dir='ltr'>quid</span> <span class='ocrx_word' id='word_1_192' title='bbox 1663 1884 1824 1924; x_wconf 87' lang='lat' dir='ltr'>contra</span> 
     </span>
     <span class='ocr_line' id='line_1_27' title="bbox 338 1937 1824 1986; baseline -0.002 -1"><span class='ocrx_word' id='word_1_193' title='bbox 338 1944 493 1986; x_wconf 88' lang='lat' dir='ltr'>hostes</span> <span class='ocrx_word' id='word_1_194' title='bbox 538 1943 587 1984; x_wconf 90' lang='lat' dir='ltr'>in</span> <span class='ocrx_word' id='word_1_195' title='bbox 633 1943 906 1985; x_wconf 86' lang='lat' dir='ltr'>necessitate</span> <span class='ocrx_word' id='word_1_196' title='bbox 947 1943 1099 1985; x_wconf 88' lang='grc'>130010</span> <span class='ocrx_word' id='word_1_197' title='bbox 1141 1937 1493 1984; x_wconf 77' lang='lat' dir='ltr'>debuissentl·3.</span> <span class='ocrx_word' id='word_1_198' title='bbox 1570 1941 1696 1983; x_wconf 88' lang='lat' dir='ltr'>Vilia</span> <span class='ocrx_word' id='word_1_199' title='bbox 1742 1943 1824 1983; x_wconf 91' lang='lat' dir='ltr'>aut</span> 
     </span>
    </p>
   </div>
   <div class='ocr_carea' id='block_1_4' title="bbox 338 2089 1825 2197">
    <p class='ocr_par' dir='ltr' id='par_1_4' title="bbox 338 2089 1825 2197">
     <span class='ocr_line' id='line_1_28' title="bbox 338 2089 1825 2126; baseline -0.002 -8"><span class='ocrx_word' id='word_1_200' title='bbox 338 2094 366 2124; x_wconf 85' lang='lat' dir='ltr'>a)</span> <span class='ocrx_word' id='word_1_201' title='bbox 392 2091 486 2118; x_wconf 87' lang='lat' dir='ltr'>donec</span> <span class='ocrx_word' id='word_1_202' title='bbox 505 2100 560 2121; x_wconf 86' lang='lat' dir='ltr'>om.</span> <span class='ocrx_word' id='word_1_203' title='bbox 578 2093 640 2120; x_wconf 90' lang='lat' dir='ltr'>Bl.</span> <span class='ocrx_word' id='word_1_204' title='bbox 748 2091 778 2126; x_wconf 89' lang='lat' dir='ltr'>b)</span> <span class='ocrx_word' id='word_1_205' title='bbox 802 2093 861 2118; x_wconf 85' lang='lat' dir='ltr'>iam</span> <span class='ocrx_word' id='word_1_206' title='bbox 886 2099 940 2118; x_wconf 83' lang='lat' dir='ltr'>sua</span> <span class='ocrx_word' id='word_1_207' title='bbox 965 2093 1001 2121; x_wconf 75' lang='lat' dir='ltr'>A.</span> <span class='ocrx_word' id='word_1_208' title='bbox 1108 2092 1136 2125; x_wconf 90' lang='grc'>0)</span> <span class='ocrx_word' id='word_1_209' title='bbox 1161 2094 1275 2118; x_wconf 79' lang='lat' dir='ltr'>tantum</span> <span class='ocrx_word' id='word_1_210' title='bbox 1299 2099 1355 2117; x_wconf 87' lang='lat' dir='ltr'>om.</span> <span class='ocrx_word' id='word_1_211' title='bbox 1375 2092 1411 2120; x_wconf 76' lang='grc' dir='ltr'>Α.</span> <span class='ocrx_word' id='word_1_212' title='bbox 1519 2091 1549 2122; x_wconf 89' lang='lat' dir='ltr'>d)</span> <span class='ocrx_word' id='word_1_213' title='bbox 1573 2089 1622 2117; x_wconf 86' lang='lat' dir='ltr'>dei</span> <span class='ocrx_word' id='word_1_214' title='bbox 1640 2091 1744 2116; x_wconf 83' lang='lat' dir='ltr'>summi</span> <span class='ocrx_word' id='word_1_215' title='bbox 1763 2091 1825 2118; x_wconf 83' lang='lat' dir='ltr'>Bl,</span> 
     </span>
     <span class='ocr_line' id='line_1_29' title="bbox 338 2125 1824 2161; baseline -0.002 -7"><span class='ocrx_word' id='word_1_216' title='bbox 338 2130 365 2159; x_wconf 89' lang='lat' dir='ltr'>e)</span> <span class='ocrx_word' id='word_1_217' title='bbox 390 2129 482 2160; x_wconf 82' lang='lat' dir='ltr'>ipsius</span> <span class='ocrx_word' id='word_1_218' title='bbox 502 2128 604 2154; x_wconf 79' lang='lat' dir='ltr'>famuli</span> <span class='ocrx_word' id='word_1_219' title='bbox 622 2129 684 2155; x_wconf 81' lang='lat'>131.</span> <span class='ocrx_word' id='word_1_220' title='bbox 774 2127 796 2161; x_wconf 82' lang='lat' dir='ltr'>f)</span> <span class='ocrx_word' id='word_1_221' title='bbox 822 2128 931 2153; x_wconf 77' lang='lat' dir='ltr'>habeat</span> <span class='ocrx_word' id='word_1_222' title='bbox 951 2127 981 2160; x_wconf 80' lang='lat' dir='ltr'>C,</span> <span class='ocrx_word' id='word_1_223' title='bbox 1003 2128 1071 2153; x_wconf 71' lang='lat' dir='ltr'>aliis</span> <span class='ocrx_word' id='word_1_224' title='bbox 1089 2128 1190 2155; x_wconf 72' lang='lat' dir='ltr'>erasis.</span> <span class='ocrx_word' id='word_1_225' title='bbox 1280 2128 1310 2159; x_wconf 84' lang='lat' dir='ltr'>g)</span> <span class='ocrx_word' id='word_1_226' title='bbox 1334 2125 1511 2152; x_wconf 79' lang='lat' dir='ltr'>aduocatam</span> <span class='ocrx_word' id='word_1_227' title='bbox 1529 2127 1607 2154; x_wconf 59' lang='lat' dir='ltr'>Ba·</span> <span class='ocrx_word' id='word_1_228' title='bbox 1681 2127 1711 2158; x_wconf 90' lang='lat' dir='ltr'>h)</span> <span class='ocrx_word' id='word_1_229' title='bbox 1735 2126 1824 2152; x_wconf 77' lang='lat' dir='ltr'>liceat</span> 
     </span>
     <span class='ocr_line' id='line_1_30' title="bbox 338 2161 1462 2197; baseline -0.002 -8"><span class='ocrx_word' id='word_1_230' title='bbox 338 2165 374 2191; x_wconf 75' lang='lat' dir='ltr'>A.</span> <span class='ocrx_word' id='word_1_231' title='bbox 394 2164 422 2192; x_wconf 86' lang='lat' dir='ltr'>C.</span> <span class='ocrx_word' id='word_1_232' title='bbox 495 2164 516 2195; x_wconf 87' lang='lat' dir='ltr'>i)</span> <span class='ocrx_word' id='word_1_233' title='bbox 536 2170 643 2189; x_wconf 87' lang='lat' dir='ltr'>nouem</span> <span class='ocrx_word' id='word_1_234' title='bbox 662 2164 724 2191; x_wconf 82' lang='lat' dir='ltr'>Bl.</span> <span class='ocrx_word' id='word_1_235' title='bbox 796 2163 828 2197; x_wconf 88' lang='lat' dir='ltr'>k)</span> <span class='ocrx_word' id='word_1_236' title='bbox 847 2164 919 2189; x_wconf 77' lang='lat' dir='ltr'>fecit</span> <span class='ocrx_word' id='word_1_237' title='bbox 937 2163 1004 2190; x_wconf 82' lang='lat' dir='ltr'>hab.</span> <span class='ocrx_word' id='word_1_238' title='bbox 1022 2164 1083 2190; x_wconf 77' lang='lat' dir='ltr'>Bi.</span> <span class='ocrx_word' id='word_1_239' title='bbox 1155 2163 1176 2195; x_wconf 95' lang='lat' dir='ltr'>l)</span> <span class='ocrx_word' id='word_1_240' title='bbox 1196 2161 1340 2188; x_wconf 81' lang='lat' dir='ltr'>deberent</span> <span class='ocrx_word' id='word_1_241' title='bbox 1358 2163 1420 2191; x_wconf 84' lang='lat' dir='ltr'>Bl.</span> <span class='ocrx_word' id='word_1_242' title='bbox 1460 2182 1462 2184; x_wconf 95' lang='lat'>.</span> 
     </span>
    </p>
   </div>
   <div class='ocr_carea' id='block_1_5' title="bbox 1847 994 1883 1020">
    <p class='ocr_par' dir='ltr' id='par_1_5' title="bbox 1847 994 1883 1020">
     <span class='ocr_line' id='line_1_31' title="bbox 1847 994 1883 1020; baseline 0 0"><span class='ocrx_word' id='word_1_243' title='bbox 1847 994 1883 1020; x_wconf 87' lang='grc'>10</span> 
     </span>
    </p>
   </div>
   <div class='ocr_carea' id='block_1_6' title="bbox 1849 1310 1884 1336">
    <p class='ocr_par' dir='ltr' id='par_1_6' title="bbox 1849 1310 1884 1336">
     <span class='ocr_line' id='line_1_32' title="bbox 1849 1310 1884 1336; baseline 0 0"><span class='ocrx_word' id='word_1_244' title='bbox 1849 1310 1884 1336; x_wconf 83' lang='lat'>15</span> 
     </span>
    </p>
   </div>
   <div class='ocr_carea' id='block_1_7' title="bbox 1849 1604 1885 1629">
    <p class='ocr_par' dir='ltr' id='par_1_7' title="bbox 1849 1604 1885 1629">
     <span class='ocr_line' id='line_1_33' title="bbox 1849 1604 1885 1629; baseline 0 0"><span class='ocrx_word' id='word_1_245' title='bbox 1849 1604 1885 1629; x_wconf 77' lang='lat'>20</span> 
     </span>
    </p>
   </div>
   <div class='ocr_carea' id='block_1_8' title="bbox 1848 1895 1883 1922">
    <p class='ocr_par' dir='ltr' id='par_1_8' title="bbox 1848 1895 1883 1922">
     <span class='ocr_line' id='line_1_34' title="bbox 1848 1895 1883 1922; baseline 0 0"><span class='ocrx_word' id='word_1_246' title='bbox 1848 1895 1883 1922; x_wconf 75' lang='lat'>25</span> 
     </span>
    </p>
   </div>
   <div class='ocr_carea' id='block_1_9' title="bbox 339 2277 1881 2325">
    <p class='ocr_par' dir='ltr' id='par_1_9' title="bbox 339 2277 1881 2325">
     <span class='ocr_line' id='line_1_35' title="bbox 339 2277 1881 2325; baseline -0.004 -9"><span class='ocrx_word' id='word_1_247' title='bbox 339 2282 374 2325; x_wconf 88' lang='lat'>1)</span> <span class='ocrx_word' id='word_1_248' title='bbox 401 2281 455 2322; x_wconf 81' lang='lat' dir='ltr'>Cf.</span> <span class='ocrx_word' id='word_1_249' title='bbox 481 2280 548 2316; x_wconf 87' lang='lat' dir='ltr'>Ev.</span> <span class='ocrx_word' id='word_1_250' title='bbox 572 2281 650 2315; x_wconf 77' lang='lat' dir='ltr'>Ioh.</span> <span class='ocrx_word' id='word_1_251' title='bbox 676 2282 710 2323; x_wconf 87' lang='lat'>3,</span> <span class='ocrx_word' id='word_1_252' title='bbox 736 2281 801 2315; x_wconf 88' lang='lat'>30:</span> <span class='ocrx_word' id='word_1_253' title='bbox 830 2279 943 2313; x_wconf 88' lang='lat' dir='ltr'>Illum</span> <span class='ocrx_word' id='word_1_254' title='bbox 970 2281 1115 2324; x_wconf 81' lang='lat' dir='ltr'>oportet</span> <span class='ocrx_word' id='word_1_255' title='bbox 1139 2290 1310 2323; x_wconf 82' lang='lat' dir='ltr'>crescere,</span> <span class='ocrx_word' id='word_1_256' title='bbox 1336 2289 1395 2313; x_wconf 88' lang='grc'>1110</span> <span class='ocrx_word' id='word_1_257' title='bbox 1421 2280 1542 2312; x_wconf 82' lang='lat' dir='ltr'>autem</span> <span class='ocrx_word' id='word_1_258' title='bbox 1567 2277 1701 2322; x_wconf 84' lang='lat' dir='ltr'>minui3</span> <span class='ocrx_word' id='word_1_259' title='bbox 1727 2278 1826 2312; x_wconf 73' lang='lat' dir='ltr'>Livii</span> <span class='ocrx_word' id='word_1_260' title='bbox 1847 2284 1881 2309; x_wconf 81' lang='lat'>30</span> 
     </span>
    </p>
   </div>
   <div class='ocr_carea' id='block_1_10' title="bbox 330 2325 1823 2513">
    <p class='ocr_par' dir='ltr' id='par_1_10' title="bbox 330 2325 1823 2513">
     <span class='ocr_line' id='line_1_36' title="bbox 330 2325 1821 2371; baseline 0 -11"><span class='ocrx_word' id='word_1_261' title='bbox 330 2328 475 2371; x_wconf 68' lang='lat' dir='ltr'>praefi:</span> <span class='ocrx_word' id='word_1_262' title='bbox 501 2326 575 2360; x_wconf 82' lang='lat' dir='ltr'>Res</span> <span class='ocrx_word' id='word_1_263' title='bbox 593 2354 600 2362; x_wconf 93' lang='lat'>.</span> <span class='ocrx_word' id='word_1_264' title='bbox 620 2354 628 2363; x_wconf 92' lang='lat'>.</span> <span class='ocrx_word' id='word_1_265' title='bbox 649 2354 656 2362; x_wconf 92' lang='lat'>.</span> <span class='ocrx_word' id='word_1_266' title='bbox 675 2337 718 2360; x_wconf 87' lang='lat' dir='ltr'>eo</span> <span class='ocrx_word' id='word_1_267' title='bbox 745 2326 910 2370; x_wconf 79' lang='lat' dir='ltr'>creverit,</span> <span class='ocrx_word' id='word_1_268' title='bbox 935 2328 976 2360; x_wconf 92' lang='lat' dir='ltr'>ut</span> <span class='ocrx_word' id='word_1_269' title='bbox 999 2326 1072 2360; x_wconf 85' lang='lat' dir='ltr'>iam</span> <span class='ocrx_word' id='word_1_270' title='bbox 1089 2325 1338 2369; x_wconf 80' lang='lat' dir='ltr'>magnitudine</span> <span class='ocrx_word' id='word_1_271' title='bbox 1363 2325 1505 2359; x_wconf 87' lang='lat' dir='ltr'>laboret</span> <span class='ocrx_word' id='word_1_272' title='bbox 1522 2336 1603 2369; x_wconf 82' lang='lat' dir='ltr'>sua3</span> <span class='ocrx_word' id='word_1_273' title='bbox 1628 2325 1715 2361; x_wconf 77' lang='lat' dir='ltr'>ibid.</span> <span class='ocrx_word' id='word_1_274' title='bbox 1733 2325 1764 2368; x_wconf 86' lang='lat' dir='ltr'>I,</span> <span class='ocrx_word' id='word_1_275' title='bbox 1779 2327 1821 2360; x_wconf 83' lang='lat'>2:</span> 
     </span>
     <span class='ocr_line' id='line_1_37' title="bbox 335 2372 1820 2418; baseline 0.001 -11"><span class='ocrx_word' id='word_1_276' title='bbox 335 2385 414 2408; x_wconf 88' lang='lat' dir='ltr'>rem</span> <span class='ocrx_word' id='word_1_277' title='bbox 433 2373 629 2407; x_wconf 84' lang='lat' dir='ltr'>Troianam</span> <span class='ocrx_word' id='word_1_278' title='bbox 655 2384 814 2407; x_wconf 87' lang='lat' dir='ltr'>crescere</span> <span class='ocrx_word' id='word_1_279' title='bbox 831 2374 950 2417; x_wconf 81' lang='lat' dir='ltr'>ratus3</span> <span class='ocrx_word' id='word_1_280' title='bbox 976 2372 1224 2418; x_wconf 83' lang='lat' dir='ltr'>magnitudine</span> <span class='ocrx_word' id='word_1_281' title='bbox 1249 2383 1313 2406; x_wconf 85' lang='lat' dir='ltr'>sua</span> <span class='ocrx_word' id='word_1_282' title='bbox 1338 2374 1442 2406; x_wconf 79' lang='lat' dir='ltr'>etiam</span> <span class='ocrx_word' id='word_1_283' title='bbox 1458 2373 1604 2406; x_wconf 78' lang='lat' dir='ltr'>Sallust.</span> <span class='ocrx_word' id='word_1_284' title='bbox 1622 2372 1697 2407; x_wconf 81' lang='lat' dir='ltr'>Cat.</span> <span class='ocrx_word' id='word_1_285' title='bbox 1723 2382 1749 2408; x_wconf 86' lang='lat' dir='ltr'>c.</span> <span class='ocrx_word' id='word_1_286' title='bbox 1764 2374 1820 2408; x_wconf 87' lang='lat'>53.</span> 
     </span>
     <span class='ocr_line' id='line_1_38' title="bbox 336 2419 1821 2462; baseline 0 -7"><span class='ocrx_word' id='word_1_287' title='bbox 336 2421 458 2455; x_wconf 80' lang='lat' dir='ltr'>Nimis</span> <span class='ocrx_word' id='word_1_288' title='bbox 480 2431 592 2454; x_wconf 84' lang='lat' dir='ltr'>severe</span> <span class='ocrx_word' id='word_1_289' title='bbox 616 2421 657 2453; x_wconf 81' lang='lat' dir='ltr'>de</span> <span class='ocrx_word' id='word_1_290' title='bbox 681 2420 744 2454; x_wconf 77' lang='lat' dir='ltr'>hoc</span> <span class='ocrx_word' id='word_1_291' title='bbox 769 2421 839 2454; x_wconf 82' lang='lat' dir='ltr'>loco</span> <span class='ocrx_word' id='word_1_292' title='bbox 863 2421 1023 2454; x_wconf 79' lang='lat' dir='ltr'>iudicare</span> <span class='ocrx_word' id='word_1_293' title='bbox 1046 2420 1184 2453; x_wconf 78' lang='lat' dir='ltr'>videtur</span> <span class='ocrx_word' id='word_1_294' title='bbox 1199 2420 1340 2462; x_wconf 76' lang='lat' dir='ltr'>Hauck,</span> <span class='ocrx_word' id='word_1_295' title='bbox 1358 2419 1465 2455; x_wconf 62' lang='lat' dir='ltr'>‹KGJ</span> <span class='ocrx_word' id='word_1_296' title='bbox 1482 2420 1557 2462; x_wconf 82' lang='lat' dir='ltr'>III,</span> <span class='ocrx_word' id='word_1_297' title='bbox 1579 2430 1618 2462; x_wconf 79' lang='lat' dir='ltr'>p.</span> <span class='ocrx_word' id='word_1_298' title='bbox 1636 2421 1718 2461; x_wconf 86' lang='lat'>312,</span> <span class='ocrx_word' id='word_1_299' title='bbox 1734 2430 1769 2455; x_wconf 78' lang='lat' dir='ltr'>n.</span> <span class='ocrx_word' id='word_1_300' title='bbox 1788 2421 1821 2455; x_wconf 88' lang='lat'>9.</span> 
     </span>
     <span class='ocr_line' id='line_1_39' title="bbox 337 2465 1823 2513; baseline -0.003 -10"><span class='ocrx_word' id='word_1_301' title='bbox 337 2467 373 2513; x_wconf 86' lang='lat'>2)</span> <span class='ocrx_word' id='word_1_302' title='bbox 399 2467 523 2502; x_wconf 79' lang='lat' dir='ltr'>Ierem.</span> <span class='ocrx_word' id='word_1_303' title='bbox 546 2466 675 2502; x_wconf 78' lang='lat' dir='ltr'>Thren.</span> <span class='ocrx_word' id='word_1_304' title='bbox 702 2468 733 2511; x_wconf 92' lang='lat'>1,</span> <span class='ocrx_word' id='word_1_305' title='bbox 758 2468 799 2502; x_wconf 87' lang='lat'>1:</span> <span class='ocrx_word' id='word_1_306' title='bbox 824 2465 921 2500; x_wconf 81' lang='lat' dir='ltr'>facta</span> <span class='ocrx_word' id='word_1_307' title='bbox 946 2468 1000 2500; x_wconf 86' lang='grc'>0813</span> <span class='ocrx_word' id='word_1_308' title='bbox 1025 2467 1124 2510; x_wconf 85' lang='lat' dir='ltr'>quasi</span> <span class='ocrx_word' id='word_1_309' title='bbox 1149 2466 1258 2501; x_wconf 87' lang='lat' dir='ltr'>vidua</span> <span class='ocrx_word' id='word_1_310' title='bbox 1283 2466 1430 2500; x_wconf 85' lang='lat' dir='ltr'>domina</span> <span class='ocrx_word' id='word_1_311' title='bbox 1454 2465 1627 2511; x_wconf 83' lang='lat' dir='ltr'>gentium,</span> <span class='ocrx_word' id='word_1_312' title='bbox 1653 2465 1823 2510; x_wconf 84' lang='lat' dir='ltr'>princeps</span> 
     </span>
    </p>
   </div>
   <div class='ocr_carea' id='block_1_11' title="bbox 336 2513 1882 2558">
    <p class='ocr_par' dir='ltr' id='par_1_11' title="bbox 336 2513 1882 2558">
     <span class='ocr_line' id='line_1_40' title="bbox 336 2513 1882 2558; baseline -0.002 -9"><span class='ocrx_word' id='word_1_313' title='bbox 336 2513 605 2558; x_wconf 78' lang='lat' dir='ltr'>provinciarum</span> <span class='ocrx_word' id='word_1_314' title='bbox 630 2513 728 2547; x_wconf 84' lang='lat' dir='ltr'>facta</span> <span class='ocrx_word' id='word_1_315' title='bbox 753 2515 806 2548; x_wconf 85' lang='lat' dir='ltr'>est</span> <span class='ocrx_word' id='word_1_316' title='bbox 831 2513 896 2547; x_wconf 86' lang='lat' dir='ltr'>sub</span> <span class='ocrx_word' id='word_1_317' title='bbox 922 2513 1070 2549; x_wconf 80' lang='lat' dir='ltr'>tributo.</span> <span class='ocrx_word' id='word_1_318' title='bbox 1159 2515 1196 2557; x_wconf 86' lang='lat'>3)</span> <span class='ocrx_word' id='word_1_319' title='bbox 1226 2514 1280 2556; x_wconf 79' lang='lat' dir='ltr'>Cf.</span> <span class='ocrx_word' id='word_1_320' title='bbox 1307 2524 1396 2557; x_wconf 78' lang='lat' dir='ltr'>quae</span> <span class='ocrx_word' id='word_1_321' title='bbox 1419 2514 1460 2547; x_wconf 84' lang='lat' dir='ltr'>de</span> <span class='ocrx_word' id='word_1_322' title='bbox 1484 2515 1601 2547; x_wconf 76' lang='lat' dir='ltr'>muris</span> <span class='ocrx_word' id='word_1_323' title='bbox 1616 2514 1825 2547; x_wconf 76' lang='lat' dir='ltr'>monasterii</span> <span class='ocrx_word' id='word_1_324' title='bbox 1847 2517 1882 2544; x_wconf 74' lang='lat'>35</span> 
     </span>
    </p>
   </div>
   <div class='ocr_carea' id='block_1_12' title="bbox 330 2560 1821 2746">
    <p class='ocr_par' dir='ltr' id='par_1_12' title="bbox 330 2560 1821 2746">
     <span class='ocr_line' id='line_1_41' title="bbox 335 2560 1820 2603; baseline -0.001 -8"><span class='ocrx_word' id='word_1_325' title='bbox 335 2562 600 2603; x_wconf 76' lang='lat' dir='ltr'>Hersfeldensis</span> <span class='ocrx_word' id='word_1_326' title='bbox 623 2564 705 2594; x_wconf 77' lang='lat' dir='ltr'>tunc</span> <span class='ocrx_word' id='word_1_327' title='bbox 739 2562 926 2594; x_wconf 77' lang='lat' dir='ltr'>exstructis</span> <span class='ocrx_word' id='word_1_328' title='bbox 958 2561 1107 2594; x_wconf 80' lang='lat' dir='ltr'>tradunt</span> <span class='ocrx_word' id='word_1_329' title='bbox 1131 2560 1259 2596; x_wconf 80' lang='lat' dir='ltr'>Mirac.</span> <span class='ocrx_word' id='word_1_330' title='bbox 1286 2561 1322 2595; x_wconf 88' lang='lat' dir='ltr'>S.</span> <span class='ocrx_word' id='word_1_331' title='bbox 1347 2560 1520 2603; x_wconf 72' lang='lat' dir='ltr'>Wiyberti</span> <span class='ocrx_word' id='word_1_332' title='bbox 1542 2570 1569 2598; x_wconf 81' lang='lat' dir='ltr'>c,</span> <span class='ocrx_word' id='word_1_333' title='bbox 1595 2562 1629 2602; x_wconf 81' lang='lat'>5,</span> <span class='ocrx_word' id='word_1_334' title='bbox 1663 2560 1726 2596; x_wconf 83' lang='lat' dir='ltr'>SS.</span> <span class='ocrx_word' id='word_1_335' title='bbox 1754 2560 1820 2603; x_wconf 85' lang='lat' dir='ltr'>IV,</span> 
     </span>
     <span class='ocr_line' id='line_1_42' title="bbox 330 2607 1820 2653; baseline -0.001 -8"><span class='ocrx_word' id='word_1_336' title='bbox 330 2620 369 2653; x_wconf 78' lang='lat' dir='ltr'>p.</span> <span class='ocrx_word' id='word_1_337' title='bbox 397 2610 477 2644; x_wconf 83' lang='lat'>225.</span> <span class='ocrx_word' id='word_1_338' title='bbox 505 2628 549 2633; x_wconf 91' lang='lat'>—</span> <span class='ocrx_word' id='word_1_339' title='bbox 578 2607 630 2641; x_wconf 82' lang='lat' dir='ltr'>De</span> <span class='ocrx_word' id='word_1_340' title='bbox 653 2607 719 2641; x_wconf 84' lang='lat' dir='ltr'>hac</span> <span class='ocrx_word' id='word_1_341' title='bbox 742 2607 954 2641; x_wconf 73' lang='lat' dir='ltr'>Widulcindi</span> <span class='ocrx_word' id='word_1_342' title='bbox 977 2609 1189 2642; x_wconf 77' lang='lat' dir='ltr'>narratione</span> <span class='ocrx_word' id='word_1_343' title='bbox 1214 2608 1416 2642; x_wconf 78' lang='lat' dir='ltr'>litterarum</span> <span class='ocrx_word' id='word_1_344' title='bbox 1439 2611 1539 2641; x_wconf 78' lang='lat' dir='ltr'>vasta</span> <span class='ocrx_word' id='word_1_345' title='bbox 1563 2607 1668 2641; x_wconf 79' lang='lat' dir='ltr'>moles</span> <span class='ocrx_word' id='word_1_346' title='bbox 1695 2610 1820 2643; x_wconf 76' lang='lat' dir='ltr'>exstat.</span> 
     </span>
     <span class='ocr_line' id='line_1_43' title="bbox 338 2654 1821 2699; baseline -0.003 -9"><span class='ocrx_word' id='word_1_347' title='bbox 338 2656 394 2697; x_wconf 77' lang='lat' dir='ltr'>Cf.</span> <span class='ocrx_word' id='word_1_348' title='bbox 411 2656 539 2698; x_wconf 76' lang='lat' dir='ltr'>Waitz,</span> <span class='ocrx_word' id='word_1_349' title='bbox 559 2654 697 2693; x_wconf 82' lang='lat' dir='ltr'>‘Heim·.</span> <span class='ocrx_word' id='word_1_350' title='bbox 712 2654 754 2690; x_wconf 69' lang='lat' dir='ltr'>I!</span> <span class='ocrx_word' id='word_1_351' title='bbox 770 2665 805 2698; x_wconf 82' lang='lat' dir='ltr'>p.</span> <span class='ocrx_word' id='word_1_352' title='bbox 819 2656 886 2690; x_wconf 82' lang='lat'>231</span> <span class='ocrx_word' id='word_1_353' title='bbox 899 2665 984 2698; x_wconf 62' lang='lat' dir='ltr'>sqq„</span> <span class='ocrx_word' id='word_1_354' title='bbox 1010 2665 1052 2688; x_wconf 83' lang='lat' dir='ltr'>ac</span> <span class='ocrx_word' id='word_1_355' title='bbox 1068 2665 1183 2699; x_wconf 76' lang='lat' dir='ltr'>nuper</span> <span class='ocrx_word' id='word_1_356' title='bbox 1206 2655 1241 2690; x_wconf 82' lang='lat' dir='ltr'>C.</span> <span class='ocrx_word' id='word_1_357' title='bbox 1255 2655 1472 2697; x_wconf 70' lang='lat' dir='ltr'>Rodenberq,</span> <span class='ocrx_word' id='word_1_358' title='bbox 1497 2654 1626 2690; x_wconf 82' lang='lat' dir='ltr'>‘Mitth.</span> <span class='ocrx_word' id='word_1_359' title='bbox 1644 2655 1677 2689; x_wconf 89' lang='lat' dir='ltr'>d.</span> <span class='ocrx_word' id='word_1_360' title='bbox 1695 2656 1821 2690; x_wconf 63' lang='lat' dir='ltr'>&amp;stov-r.</span> 
     </span>
     <span class='ocr_line' id='line_1_44' title="bbox 335 2701 1821 2746; baseline -0.002 -10"><span class='ocrx_word' id='word_1_361' title='bbox 335 2703 436 2738; x_wconf 68' lang='lat' dir='ltr'>Inst!</span> <span class='ocrx_word' id='word_1_362' title='bbox 454 2702 581 2745; x_wconf 89' lang='lat' dir='ltr'>XVII,</span> <span class='ocrx_word' id='word_1_363' title='bbox 607 2714 648 2746; x_wconf 72' lang='lat' dir='ltr'>p.</span> <span class='ocrx_word' id='word_1_364' title='bbox 673 2703 738 2737; x_wconf 88' lang='lat'>161</span> <span class='ocrx_word' id='word_1_365' title='bbox 756 2712 828 2745; x_wconf 74' lang='lat' dir='ltr'>sqq.</span> <span class='ocrx_word' id='word_1_366' title='bbox 839 2713 852 2742; x_wconf 90' lang='lat'><em>;</em></span> <span class='ocrx_word' id='word_1_367' title='bbox 877 2702 1049 2745; x_wconf 71' lang='lat' dir='ltr'>Keutyen,</span> <span class='ocrx_word' id='word_1_368' title='bbox 1077 2702 1406 2744; x_wconf 71' lang='lat' dir='ltr'>‘Untersuchunqen</span> <span class='ocrx_word' id='word_1_369' title='bbox 1429 2701 1515 2735; x_wconf 66' lang='lat' dir='ltr'>iiber</span> <span class='ocrx_word' id='word_1_370' title='bbox 1538 2701 1604 2734; x_wconf 78' lang='lat' dir='ltr'>den</span> <span class='ocrx_word' id='word_1_371' title='bbox 1630 2701 1821 2744; x_wconf 70' lang='lat' dir='ltr'>Ursprunq</span> 
     </span>
    </p>
   </div>
   <div class='ocr_carea' id='block_1_13' title="bbox 336 2747 1879 2793">
    <p class='ocr_par' dir='ltr' id='par_1_13' title="bbox 336 2747 1879 2793">
     <span class='ocr_line' id='line_1_45' title="bbox 336 2747 1879 2793; baseline -0.003 -11"><span class='ocrx_word' id='word_1_372' title='bbox 336 2750 399 2783; x_wconf 82' lang='lat' dir='ltr'>der</span> <span class='ocrx_word' id='word_1_373' title='bbox 422 2750 468 2785; x_wconf 90' lang='lat' dir='ltr'>D.</span> <span class='ocrx_word' id='word_1_374' title='bbox 495 2749 823 2791; x_wconf 72' lang='lat' dir='ltr'>Stadtverfassuny’</span> <span class='ocrx_word' id='word_1_375' title='bbox 842 2760 881 2793; x_wconf 78' lang='lat' dir='ltr'>p.</span> <span class='ocrx_word' id='word_1_376' title='bbox 906 2750 952 2784; x_wconf 81' lang='lat'>42</span> <span class='ocrx_word' id='word_1_377' title='bbox 969 2760 1041 2793; x_wconf 77' lang='lat' dir='ltr'>sqq.</span> <span class='ocrx_word' id='word_1_378' title='bbox 1066 2753 1097 2783; x_wconf 82' lang='lat' dir='ltr'>et</span> <span class='ocrx_word' id='word_1_379' title='bbox 1123 2749 1231 2783; x_wconf 83' lang='lat' dir='ltr'>‘Neue</span> <span class='ocrx_word' id='word_1_380' title='bbox 1251 2748 1447 2783; x_wconf 68' lang='lat' dir='ltr'>Jahrbach.</span> <span class='ocrx_word' id='word_1_381' title='bbox 1468 2749 1495 2790; x_wconf 81' lang='lat' dir='ltr'>f.</span> <span class='ocrx_word' id='word_1_382' title='bbox 1513 2748 1546 2783; x_wconf 82' lang='lat' dir='ltr'>d.</span> <span class='ocrx_word' id='word_1_383' title='bbox 1565 2747 1675 2781; x_wconf 75' lang='lat' dir='ltr'>klass.</span> <span class='ocrx_word' id='word_1_384' title='bbox 1692 2747 1819 2782; x_wconf 72' lang='lat' dir='ltr'>Alter-t.</span> <span class='ocrx_word' id='word_1_385' title='bbox 1843 2751 1879 2778; x_wconf 73' lang='lat'>40</span> 
     </span>
    </p>
   </div>
   <div class='ocr_carea' id='block_1_14' title="bbox 336 2793 1820 2887">
    <p class='ocr_par' dir='ltr' id='par_1_14' title="bbox 336 2793 1820 2887">
     <span class='ocr_line' id='line_1_46' title="bbox 339 2793 1820 2840; baseline -0.001 -11"><span class='ocrx_word' id='word_1_386' title='bbox 339 2797 459 2832; x_wconf 79' lang='lat' dir='ltr'>Gesch.</span> <span class='ocrx_word' id='word_1_387' title='bbox 485 2807 520 2832; x_wconf 80' lang='lat' dir='ltr'>u.</span> <span class='ocrx_word' id='word_1_388' title='bbox 542 2797 588 2832; x_wconf 91' lang='lat' dir='ltr'>D.</span> <span class='ocrx_word' id='word_1_389' title='bbox 606 2796 704 2831; x_wconf 69' lang='lat' dir='ltr'>Litt!</span> <span class='ocrx_word' id='word_1_390' title='bbox 731 2796 833 2831; x_wconf 88' lang='lat'>1900.</span> <span class='ocrx_word' id='word_1_391' title='bbox 854 2806 893 2839; x_wconf 67' lang='grc' dir='ltr'>Ρ.</span> <span class='ocrx_word' id='word_1_392' title='bbox 912 2797 980 2832; x_wconf 79' lang='grc'>287</span> <span class='ocrx_word' id='word_1_393' title='bbox 993 2807 1066 2840; x_wconf 78' lang='lat' dir='ltr'>sqq.</span> <span class='ocrx_word' id='word_1_394' title='bbox 1119 2796 1282 2830; x_wconf 80' lang='lat' dir='ltr'>Heinrici</span> <span class='ocrx_word' id='word_1_395' title='bbox 1303 2796 1539 2829; x_wconf 76' lang='lat' dir='ltr'>institutiones</span> <span class='ocrx_word' id='word_1_396' title='bbox 1563 2794 1612 2828; x_wconf 82' lang='lat' dir='ltr'>ad</span> <span class='ocrx_word' id='word_1_397' title='bbox 1635 2793 1820 2828; x_wconf 76' lang='lat' dir='ltr'>orientales</span> 
     </span>
     <span class='ocr_line' id='line_1_47' title="bbox 336 2842 1538 2887; baseline 0 -11"><span class='ocrx_word' id='word_1_398' title='bbox 336 2844 509 2887; x_wconf 75' lang='lat' dir='ltr'>quasdam</span> <span class='ocrx_word' id='word_1_399' title='bbox 534 2844 714 2877; x_wconf 74' lang='lat' dir='ltr'>Saaeoniae</span> <span class='ocrx_word' id='word_1_400' title='bbox 735 2846 858 2887; x_wconf 77' lang='lat' dir='ltr'>partes</span> <span class='ocrx_word' id='word_1_401' title='bbox 880 2847 1049 2886; x_wconf 68' lang='lat' dir='ltr'>spectasse</span> <span class='ocrx_word' id='word_1_402' title='bbox 1074 2843 1165 2877; x_wconf 77' lang='lat' dir='ltr'>mihi</span> <span class='ocrx_word' id='word_1_403' title='bbox 1180 2852 1396 2886; x_wconf 75' lang='lat' dir='ltr'>persuasum</span> <span class='ocrx_word' id='word_1_404' title='bbox 1420 2842 1538 2876; x_wconf 80' lang='lat' dir='ltr'>habeo.</span> 
     </span>
    </p>
   </div>
  </div>
 </body>
</html>
