<?xml version="1.0" encoding="UTF-8"?>
<!DOCTYPE html PUBLIC "-//W3C//DTD XHTML 1.0 Transitional//EN"
    "http://www.w3.org/TR/xhtml1/DTD/xhtml1-transitional.dtd">
<html xmlns="http://www.w3.org/1999/xhtml" xml:lang="en" lang="en">
 <head>
  <title>
</title>
<meta http-equiv="Content-Type" content="text/html;charset=utf-8" />
  <meta name='ocr-system' content='tesseract 3.04.00' />
  <meta name='ocr-capabilities' content='ocr_page ocr_carea ocr_par ocr_line ocrx_word'/>
</head>
<body>
  <div class='ocr_page' id='page_1' title='image "./rerumgestarumsax00widuuoft_0172.png"; bbox 0 0 2034 3380; ppageno 0'>
   <div class='ocr_carea' id='block_1_1' title="bbox 387 345 1558 388">
    <p class='ocr_par' dir='ltr' id='par_1_1' title="bbox 387 345 1558 388">
     <span class='ocr_line' id='line_1_1' title="bbox 387 345 1558 388; baseline 0.002 -3"><span class='ocrx_word' id='word_1_1' title='bbox 387 350 456 385; x_wconf 79' lang='lat'>134</span> <span class='ocrx_word' id='word_1_2' title='bbox 704 346 771 382; x_wconf 76' lang='lat' dir='ltr'>DE</span> <span class='ocrx_word' id='word_1_3' title='bbox 796 345 1012 383; x_wconf 82' lang='lat' dir='ltr'>ORIGINE</span> <span class='ocrx_word' id='word_1_4' title='bbox 1038 346 1224 383; x_wconf 79' lang='lat' dir='ltr'>GENTIS</span> <span class='ocrx_word' id='word_1_5' title='bbox 1249 346 1558 388; x_wconf 77' lang='lat' dir='ltr'><strong>SWEVORUM.</strong></span> 
     </span>
    </p>
   </div>
   <div class='ocr_carea' id='block_1_2' title="bbox 387 465 1970 1933">
    <p class='ocr_par' dir='ltr' id='par_1_2' title="bbox 387 465 1970 1756">
     <span class='ocr_line' id='line_1_2' title="bbox 392 465 1866 524; baseline -0.001 -12"><span class='ocrx_word' id='word_1_6' title='bbox 392 470 578 524; x_wconf 84' lang='lat' dir='ltr'>gestans</span> <span class='ocrx_word' id='word_1_7' title='bbox 609 468 920 519; x_wconf 71' lang='lat' dir='ltr'><strong>descenderet,</strong></span> <span class='ocrx_word' id='word_1_8' title='bbox 953 469 1145 511; x_wconf 84' lang='lat' dir='ltr'>alteram</span> <span class='ocrx_word' id='word_1_9' title='bbox 1178 472 1384 523; x_wconf 71' lang='lat' dir='ltr'>quoquea</span> <span class='ocrx_word' id='word_1_10' title='bbox 1409 469 1556 524; x_wconf 88' lang='lat' dir='ltr'>ripam</span> <span class='ocrx_word' id='word_1_11' title='bbox 1578 465 1866 511; x_wconf 72' lang='lat' dir='ltr'>Gozholdusb</span> 
     </span>
     <span class='ocr_line' id='line_1_3' title="bbox 392 527 1872 582; baseline 0 -13"><span class='ocrx_word' id='word_1_12' title='bbox 392 527 577 582; x_wconf 87' lang='lat' dir='ltr'>quidam</span> <span class='ocrx_word' id='word_1_13' title='bbox 618 527 675 570; x_wconf 90' lang='lat' dir='ltr'>de</span> <span class='ocrx_word' id='word_1_14' title='bbox 712 527 906 569; x_wconf 78' lang='lat' dir='ltr'>Swevis⁰</span> <span class='ocrx_word' id='word_1_15' title='bbox 944 540 968 569; x_wconf 91' lang='lat' dir='ltr'>e</span> <span class='ocrx_word' id='word_1_16' title='bbox 1007 527 1193 582; x_wconf 87' lang='lat' dir='ltr'>regione</span> <span class='ocrx_word' id='word_1_17' title='bbox 1233 528 1513 570; x_wconf 72' lang='lat' dir='ltr'>ascenderet.</span> <span class='ocrx_word' id='word_1_18' title='bbox 1585 527 1644 569; x_wconf 83' lang='lat' dir='ltr'>Et</span> <span class='ocrx_word' id='word_1_19' title='bbox 1683 528 1872 570; x_wconf 86' lang='lat' dir='ltr'>mittens</span> 
     </span>
     <span class='ocr_line' id='line_1_4' title="bbox 391 586 1874 641; baseline 0 -13"><span class='ocrx_word' id='word_1_20' title='bbox 391 586 520 628; x_wconf 89' lang='lat' dir='ltr'>Wito</span> <span class='ocrx_word' id='word_1_21' title='bbox 560 586 826 641; x_wconf 71' lang='lat' dir='ltr'>accipitrem</span> <span class='ocrx_word' id='word_1_22' title='bbox 865 586 924 628; x_wconf 86' lang='lat' dir='ltr'>ad</span> <span class='ocrx_word' id='word_1_23' title='bbox 963 586 1258 629; x_wconf 87' lang='lat' dir='ltr'>irretiendam</span> <span class='ocrx_word' id='word_1_24' title='bbox 1298 586 1482 628; x_wconf 90' lang='lat' dir='ltr'>ardeam</span> <span class='ocrx_word' id='word_1_25' title='bbox 1521 586 1692 629; x_wconf 90' lang='lat' dir='ltr'>flumen</span> <span class='ocrx_word' id='word_1_26' title='bbox 1730 589 1874 628; x_wconf 89' lang='lat' dir='ltr'>trans·</span> 
     </span>
     <span class='ocr_line' id='line_1_5' title="bbox 390 641 1872 700; baseline 0.001 -14"><span class='ocrx_word' id='word_1_27' title='bbox 390 641 589 696; x_wconf 69' lang='lat' dir='ltr'>volared,</span> <span class='ocrx_word' id='word_1_28' title='bbox 623 659 650 686; x_wconf 90' lang='lat' dir='ltr'>a</span> <span class='ocrx_word' id='word_1_29' title='bbox 671 643 933 687; x_wconf 68' lang='lat' dir='ltr'>Gozholdoe</span> <span class='ocrx_word' id='word_1_30' title='bbox 965 645 1098 687; x_wconf 88' lang='lat' dir='ltr'>ambe</span> <span class='ocrx_word' id='word_1_31' title='bbox 1129 658 1233 687; x_wconf 87' lang='lat' dir='ltr'>aves</span> <span class='ocrx_word' id='word_1_32' title='bbox 1265 648 1373 687; x_wconf 89' lang='lat' dir='ltr'>sunt</span> <span class='ocrx_word' id='word_1_33' title='bbox 1403 645 1671 700; x_wconf 85' lang='lat' dir='ltr'>intercepte.</span> <span class='ocrx_word' id='word_1_34' title='bbox 1727 644 1872 697; x_wconf 80' lang='lat' dir='ltr'>Quem</span> 
     </span>
     <span class='ocr_line' id='line_1_6' title="bbox 395 704 1970 759; baseline 0 -14"><span class='ocrx_word' id='word_1_35' title='bbox 395 704 523 746; x_wconf 90' lang='lat' dir='ltr'>Wito</span> <span class='ocrx_word' id='word_1_36' title='bbox 563 705 838 759; x_wconf 69' lang='lat' dir='ltr'>inprecatus,</span> <span class='ocrx_word' id='word_1_37' title='bbox 878 706 944 754; x_wconf 90' lang='lat' dir='ltr'>ut,</span> <span class='ocrx_word' id='word_1_38' title='bbox 988 704 1026 746; x_wconf 90' lang='lat' dir='ltr'>si</span> <span class='ocrx_word' id='word_1_39' title='bbox 1066 717 1199 745; x_wconf 91' lang='lat' dir='ltr'>suum</span> <span class='ocrx_word' id='word_1_40' title='bbox 1237 704 1426 746; x_wconf 88' lang='lat' dir='ltr'>volatile</span> <span class='ocrx_word' id='word_1_41' title='bbox 1466 704 1554 746; x_wconf 87' lang='lat' dir='ltr'>sibi</span> <span class='ocrx_word' id='word_1_42' title='bbox 1595 704 1872 754; x_wconf 88' lang='lat' dir='ltr'>restitueret,</span> <span class='ocrx_word' id='word_1_43' title='bbox 1899 718 1918 744; x_wconf 78' lang='lat'><strong>5</strong></span> <span class='ocrx_word' id='word_1_44' title='bbox 1967 748 1970 751; x_wconf 68' lang='grc'><strong>,</strong></span> 
     </span>
     <span class='ocr_line' id='line_1_7' title="bbox 391 761 1874 817; baseline 0 -14"><span class='ocrx_word' id='word_1_45' title='bbox 391 775 500 813; x_wconf 89' lang='lat' dir='ltr'>rem,</span> <span class='ocrx_word' id='word_1_46' title='bbox 533 776 670 817; x_wconf 87' lang='lat' dir='ltr'>quam</span> <span class='ocrx_word' id='word_1_47' title='bbox 694 763 939 817; x_wconf 78' lang='lat' dir='ltr'>ignoraret,</span> <span class='ocrx_word' id='word_1_48' title='bbox 972 763 1015 805; x_wconf 89' lang='lat' dir='ltr'>ei</span> <span class='ocrx_word' id='word_1_49' title='bbox 1044 762 1312 805; x_wconf 69' lang='lat' dir='ltr'>insinuaret.</span> <span class='ocrx_word' id='word_1_50' title='bbox 1363 763 1480 804; x_wconf 81' lang='lat' dir='ltr'>Tum</span> <span class='ocrx_word' id='word_1_51' title='bbox 1511 763 1693 805; x_wconf 89' lang='lat' dir='ltr'>demum</span> <span class='ocrx_word' id='word_1_52' title='bbox 1718 761 1874 805; x_wconf 82' lang='lat' dir='ltr'>Gozol-</span> 
     </span>
     <span class='ocr_line' id='line_1_8' title="bbox 390 817 1874 876; baseline 0 -13"><span class='ocrx_word' id='word_1_53' title='bbox 390 817 503 863; x_wconf 82' lang='lat' dir='ltr'>dusf</span> <span class='ocrx_word' id='word_1_54' title='bbox 528 821 642 863; x_wconf 85' lang='lat' dir='ltr'>fecit</span> <span class='ocrx_word' id='word_1_55' title='bbox 673 835 777 864; x_wconf 91' lang='lat' dir='ltr'>eum</span> <span class='ocrx_word' id='word_1_56' title='bbox 809 835 988 863; x_wconf 88' lang='lat' dir='ltr'>amnem</span> <span class='ocrx_word' id='word_1_57' title='bbox 1019 822 1214 863; x_wconf 87' lang='lat' dir='ltr'>transire</span> <span class='ocrx_word' id='word_1_58' title='bbox 1246 823 1293 863; x_wconf 88' lang='lat' dir='ltr'>et</span> <span class='ocrx_word' id='word_1_59' title='bbox 1324 822 1589 876; x_wconf 87' lang='lat' dir='ltr'>accipitrem</span> <span class='ocrx_word' id='word_1_60' title='bbox 1610 835 1714 864; x_wconf 91' lang='lat' dir='ltr'>cum</span> <span class='ocrx_word' id='word_1_61' title='bbox 1736 822 1874 863; x_wconf 86' lang='lat' dir='ltr'>ardea</span> 
     </span>
     <span class='ocr_line' id='line_1_9' title="bbox 390 879 1874 935; baseline 0 -14"><span class='ocrx_word' id='word_1_62' title='bbox 390 879 604 935; x_wconf 88' lang='lat' dir='ltr'>recipere.</span> <span class='ocrx_word' id='word_1_63' title='bbox 667 879 758 931; x_wconf 77' lang='lat' dir='ltr'>Qui</span> <span class='ocrx_word' id='word_1_64' title='bbox 798 879 976 922; x_wconf 86' lang='lat' dir='ltr'>caballo</span> <span class='ocrx_word' id='word_1_65' title='bbox 1009 880 1178 921; x_wconf 86' lang='lat' dir='ltr'>vadum</span> <span class='ocrx_word' id='word_1_66' title='bbox 1218 880 1476 933; x_wconf 60' lang='lat' dir='ltr'>quendam&amp;</span> <span class='ocrx_word' id='word_1_67' title='bbox 1510 880 1771 935; x_wconf 86' lang='lat' dir='ltr'>pernatavit</span> <span class='ocrx_word' id='word_1_68' title='bbox 1811 882 1874 921; x_wconf 83' lang='lat' dir='ltr'>at-</span> 
     </span>
     <span class='ocr_line' id='line_1_10' title="bbox 390 934 1874 993; baseline -0.001 -12"><span class='ocrx_word' id='word_1_69' title='bbox 390 952 478 993; x_wconf 91' lang='lat' dir='ltr'>que</span> <span class='ocrx_word' id='word_1_70' title='bbox 525 939 710 980; x_wconf 91' lang='lat' dir='ltr'>ardeam</span> <span class='ocrx_word' id='word_1_71' title='bbox 755 952 859 980; x_wconf 92' lang='lat' dir='ltr'>cum</span> <span class='ocrx_word' id='word_1_72' title='bbox 899 939 1116 993; x_wconf 86' lang='lat' dir='ltr'>accipitre</span> <span class='ocrx_word' id='word_1_73' title='bbox 1156 939 1342 993; x_wconf 81' lang='lat' dir='ltr'>recepit,</span> <span class='ocrx_word' id='word_1_74' title='bbox 1390 934 1654 981; x_wconf 77' lang='lat' dir='ltr'>Grozholdoll</span> <span class='ocrx_word' id='word_1_75' title='bbox 1695 951 1874 993; x_wconf 90' lang='lat' dir='ltr'>quoque</span> 
     </span>
     <span class='ocr_line' id='line_1_11' title="bbox 390 993 1936 1052; baseline -0.001 -14"><span class='ocrx_word' id='word_1_76' title='bbox 390 997 560 1051; x_wconf 87' lang='lat' dir='ltr'>inquit:</span> <span class='ocrx_word' id='word_1_77' title='bbox 597 997 668 1038; x_wconf 87' lang='lat' dir='ltr'>‘Id</span> <span class='ocrx_word' id='word_1_78' title='bbox 700 1011 781 1052; x_wconf 86' lang='lat' dir='ltr'>pro</span> <span class='ocrx_word' id='word_1_79' title='bbox 813 999 939 1039; x_wconf 84' lang='lat' dir='ltr'>certo</span> <span class='ocrx_word' id='word_1_80' title='bbox 970 997 1058 1039; x_wconf 92' lang='lat' dir='ltr'>tibi</span> <span class='ocrx_word' id='word_1_81' title='bbox 1090 997 1289 1048; x_wconf 73' lang='lat' dir='ltr'>notifico,</span> <span class='ocrx_word' id='word_1_82' title='bbox 1322 993 1452 1052; x_wconf 83' lang='lat' dir='ltr'>quiai</span> <span class='ocrx_word' id='word_1_83' title='bbox 1482 1010 1612 1052; x_wconf 88' lang='lat' dir='ltr'>reges</span> <span class='ocrx_word' id='word_1_84' title='bbox 1644 999 1752 1039; x_wconf 90' lang='lat' dir='ltr'>sunt</span> <span class='ocrx_word' id='word_1_85' title='bbox 1782 997 1875 1051; x_wconf 88' lang='lat' dir='ltr'>pla-</span> <span class='ocrx_word' id='word_1_86' title='bbox 1900 1012 1936 1037; x_wconf 85' lang='grc' dir='ltr'>ιο</span> 
     </span>
     <span class='ocr_line' id='line_1_12' title="bbox 388 1051 1872 1111; baseline -0.001 -13"><span class='ocrx_word' id='word_1_87' title='bbox 388 1056 481 1098; x_wconf 89' lang='lat' dir='ltr'>cati</span> <span class='ocrx_word' id='word_1_88' title='bbox 512 1058 559 1098; x_wconf 92' lang='lat' dir='ltr'>et</span> <span class='ocrx_word' id='word_1_89' title='bbox 591 1057 690 1107; x_wconf 89' lang='lat' dir='ltr'>hoc,</span> <span class='ocrx_word' id='word_1_90' title='bbox 723 1052 874 1110; x_wconf 85' lang='lat' dir='ltr'>quodk</span> <span class='ocrx_word' id='word_1_91' title='bbox 899 1051 1189 1110; x_wconf 83' lang='lat' dir='ltr'>quatinus¹·1</span> <span class='ocrx_word' id='word_1_92' title='bbox 1210 1056 1486 1098; x_wconf 85' lang='lat' dir='ltr'>hereditarie</span> <span class='ocrx_word' id='word_1_93' title='bbox 1508 1056 1872 1111; x_wconf 88' lang='lat' dir='ltr'>possedebamus,</span> 
     </span>
     <span class='ocr_line' id='line_1_13' title="bbox 389 1114 1876 1171; baseline 0.001 -15"><span class='ocrx_word' id='word_1_94' title='bbox 389 1128 444 1156; x_wconf 83' lang='lat' dir='ltr'>ex</span> <span class='ocrx_word' id='word_1_95' title='bbox 475 1114 623 1169; x_wconf 87' lang='lat' dir='ltr'>Iringi</span> <span class='ocrx_word' id='word_1_96' title='bbox 654 1114 885 1170; x_wconf 88' lang='lat' dir='ltr'>superflua</span> <span class='ocrx_word' id='word_1_97' title='bbox 914 1115 1265 1157; x_wconf 84' lang='lat' dir='ltr'>ratiocinatione</span> <span class='ocrx_word' id='word_1_98' title='bbox 1297 1115 1431 1157; x_wconf 91' lang='lat' dir='ltr'>modo</span> <span class='ocrx_word' id='word_1_99' title='bbox 1462 1116 1511 1171; x_wconf 87' lang='lat' dir='ltr'>in</span> <span class='ocrx_word' id='word_1_100' title='bbox 1548 1115 1876 1166; x_wconf 86' lang='lat' dir='ltr'>prestationem</span> 
     </span>
     <span class='ocr_line' id='line_1_14' title="bbox 388 1173 1875 1228; baseline 0.001 -14"><span class='ocrx_word' id='word_1_101' title='bbox 388 1173 669 1228; x_wconf 87' lang='lat' dir='ltr'>recepimus&#39;.</span> <span class='ocrx_word' id='word_1_102' title='bbox 734 1173 873 1216; x_wconf 86' lang='lat' dir='ltr'>Hec¹1¹</span> <span class='ocrx_word' id='word_1_103' title='bbox 915 1174 1105 1216; x_wconf 89' lang='lat' dir='ltr'>audiens</span> <span class='ocrx_word' id='word_1_104' title='bbox 1148 1173 1405 1216; x_wconf 81' lang='lat' dir='ltr'>Grozoldusn</span> <span class='ocrx_word' id='word_1_105' title='bbox 1441 1174 1499 1216; x_wconf 90' lang='lat' dir='ltr'>ad</span> <span class='ocrx_word' id='word_1_106' title='bbox 1540 1174 1875 1216; x_wconf 86' lang='lat' dir='ltr'>commilitones</span> 
     </span>
     <span class='ocr_line' id='line_1_15' title="bbox 390 1232 1874 1288; baseline -0.001 -15"><span class='ocrx_word' id='word_1_107' title='bbox 390 1245 494 1274; x_wconf 89' lang='lat' dir='ltr'>suos</span> <span class='ocrx_word' id='word_1_108' title='bbox 525 1233 665 1275; x_wconf 90' lang='lat' dir='ltr'>rediit</span> <span class='ocrx_word' id='word_1_109' title='bbox 697 1233 851 1286; x_wconf 90' lang='lat' dir='ltr'>eisque</span> <span class='ocrx_word' id='word_1_110' title='bbox 883 1245 1064 1274; x_wconf 86' lang='lat' dir='ltr'>causam</span> <span class='ocrx_word' id='word_1_111' title='bbox 1097 1233 1323 1287; x_wconf 88' lang='lat' dir='ltr'>pactionis</span> <span class='ocrx_word' id='word_1_112' title='bbox 1355 1233 1626 1274; x_wconf 88' lang='lat' dir='ltr'>examussim</span> <span class='ocrx_word' id='word_1_113' title='bbox 1652 1232 1874 1288; x_wconf 85' lang='lat' dir='ltr'>exposuit.</span> 
     </span>
     <span class='ocr_line' id='line_1_16' title="bbox 389 1290 1934 1346; baseline -0.001 -15"><span class='ocrx_word' id='word_1_114' title='bbox 389 1291 454 1332; x_wconf 90' lang='lat' dir='ltr'>At</span> <span class='ocrx_word' id='word_1_115' title='bbox 485 1290 557 1332; x_wconf 90' lang='lat' dir='ltr'>illi</span> <span class='ocrx_word' id='word_1_116' title='bbox 590 1291 985 1333; x_wconf 83' lang='lat' dir='ltr'>confederationes</span> <span class='ocrx_word' id='word_1_117' title='bbox 1015 1305 1174 1346; x_wconf 86' lang='lat' dir='ltr'>regum</span> <span class='ocrx_word' id='word_1_118' title='bbox 1207 1293 1478 1341; x_wconf 54' lang='lat' dir='ltr'>metuentes</span> <span class='ocrx_word' id='word_1_119' title='bbox 1510 1305 1567 1333; x_wconf 91' lang='lat' dir='ltr'>ne</span> <span class='ocrx_word' id='word_1_120' title='bbox 1599 1291 1699 1334; x_wconf 84' lang='lat' dir='ltr'>vel⁰</span> <span class='ocrx_word' id='word_1_121' title='bbox 1734 1291 1875 1332; x_wconf 83' lang='lat' dir='ltr'>Theo·</span> <span class='ocrx_word' id='word_1_122' title='bbox 1900 1304 1934 1331; x_wconf 86' lang='lat'>15</span> 
     </span>
     <span class='ocr_line' id='line_1_17' title="bbox 389 1349 1875 1404; baseline 0 -14"><span class='ocrx_word' id='word_1_123' title='bbox 389 1349 531 1391; x_wconf 87' lang='lat' dir='ltr'>derici</span> <span class='ocrx_word' id='word_1_124' title='bbox 578 1350 901 1404; x_wconf 70' lang='lat' dir='ltr'>sponsionumv</span> <span class='ocrx_word' id='word_1_125' title='bbox 946 1350 1276 1392; x_wconf 75' lang='lat' dir='ltr'>fraudarentur</span> <span class='ocrx_word' id='word_1_126' title='bbox 1320 1350 1393 1392; x_wconf 85' lang='lat' dir='ltr'>vel</span> <span class='ocrx_word' id='word_1_127' title='bbox 1439 1363 1597 1404; x_wconf 88' lang='lat' dir='ltr'>regum</span> <span class='ocrx_word' id='word_1_128' title='bbox 1651 1350 1875 1404; x_wconf 86' lang='lat' dir='ltr'>conspira-</span> 
     </span>
     <span class='ocr_line' id='line_1_18' title="bbox 389 1408 1876 1464; baseline 0.001 -15"><span class='ocrx_word' id='word_1_129' title='bbox 389 1408 544 1450; x_wconf 85' lang='lat' dir='ltr'>tioneq</span> <span class='ocrx_word' id='word_1_130' title='bbox 590 1421 645 1450; x_wconf 88' lang='lat' dir='ltr'>ex</span> <span class='ocrx_word' id='word_1_131' title='bbox 691 1408 921 1463; x_wconf 87' lang='lat' dir='ltr'>provintia</span> <span class='ocrx_word' id='word_1_132' title='bbox 960 1408 1337 1464; x_wconf 88' lang='lat' dir='ltr'>propellerentur,</span> <span class='ocrx_word' id='word_1_133' title='bbox 1386 1409 1688 1451; x_wconf 88' lang='lat' dir='ltr'>decreverunt</span> <span class='ocrx_word' id='word_1_134' title='bbox 1733 1410 1876 1450; x_wconf 90' lang='lat' dir='ltr'>noctu</span> 
     </span>
     <span class='ocr_line' id='line_1_19' title="bbox 388 1466 1875 1522; baseline 0 -14"><span class='ocrx_word' id='word_1_135' title='bbox 388 1467 556 1508; x_wconf 87' lang='lat' dir='ltr'>vadum</span> <span class='ocrx_word' id='word_1_136' title='bbox 588 1480 669 1522; x_wconf 90' lang='lat' dir='ltr'>per</span> <span class='ocrx_word' id='word_1_137' title='bbox 698 1466 1013 1509; x_wconf 73' lang='lat' dir='ltr'>Gozholdumr</span> <span class='ocrx_word' id='word_1_138' title='bbox 1047 1469 1353 1509; x_wconf 87' lang='lat' dir='ltr'>monstratum</span> <span class='ocrx_word' id='word_1_139' title='bbox 1383 1468 1579 1509; x_wconf 89' lang='lat' dir='ltr'>transire</span> <span class='ocrx_word' id='word_1_140' title='bbox 1610 1481 1663 1509; x_wconf 87' lang='lat' dir='ltr'>ac</span> <span class='ocrx_word' id='word_1_141' title='bbox 1684 1467 1875 1508; x_wconf 84' lang='lat' dir='ltr'>Thurin-</span> 
     </span>
     <span class='ocr_line' id='line_1_20' title="bbox 390 1525 1876 1580; baseline 0 -14"><span class='ocrx_word' id='word_1_142' title='bbox 390 1526 594 1580; x_wconf 64' lang='lat' dir='ltr'>giorum*s</span> <span class='ocrx_word' id='word_1_143' title='bbox 639 1527 789 1568; x_wconf 85' lang='lat' dir='ltr'>castra</span> <span class='ocrx_word' id='word_1_144' title='bbox 836 1539 891 1568; x_wconf 87' lang='lat' dir='ltr'>ex</span> <span class='ocrx_word' id='word_1_145' title='bbox 935 1526 1166 1580; x_wconf 84' lang='lat' dir='ltr'>inproviso</span> <span class='ocrx_word' id='word_1_146' title='bbox 1206 1526 1470 1580; x_wconf 86' lang='lat' dir='ltr'>irrumpere.</span> <span class='ocrx_word' id='word_1_147' title='bbox 1543 1525 1644 1577; x_wconf 79' lang='lat' dir='ltr'>Quo</span> <span class='ocrx_word' id='word_1_148' title='bbox 1690 1527 1876 1580; x_wconf 86' lang='lat' dir='ltr'>peracto</span> 
     </span>
     <span class='ocr_line' id='line_1_21' title="bbox 387 1585 1937 1640; baseline 0 -15"><span class='ocrx_word' id='word_1_149' title='bbox 387 1586 568 1626; x_wconf 90' lang='lat' dir='ltr'>tantam</span> <span class='ocrx_word' id='word_1_150' title='bbox 600 1587 800 1639; x_wconf 88' lang='lat' dir='ltr'>stragem</span> <span class='ocrx_word' id='word_1_151' title='bbox 833 1585 889 1626; x_wconf 88' lang='lat' dir='ltr'>de</span> <span class='ocrx_word' id='word_1_152' title='bbox 921 1585 1132 1626; x_wconf 85' lang='lat' dir='ltr'>hostibus</span> <span class='ocrx_word' id='word_1_153' title='bbox 1164 1585 1404 1635; x_wconf 86' lang='lat' dir='ltr'>dederunt,</span> <span class='ocrx_word' id='word_1_154' title='bbox 1435 1587 1490 1626; x_wconf 91' lang='lat' dir='ltr'>ut</span> <span class='ocrx_word' id='word_1_155' title='bbox 1520 1585 1596 1627; x_wconf 87' lang='lat' dir='ltr'>vix</span> <span class='ocrx_word' id='word_1_156' title='bbox 1636 1585 1877 1640; x_wconf 86' lang='lat' dir='ltr'>quingenti</span> <span class='ocrx_word' id='word_1_157' title='bbox 1901 1600 1937 1625; x_wconf 79' lang='lat'>20</span> 
     </span>
     <span class='ocr_line' id='line_1_22' title="bbox 389 1641 1875 1698; baseline 0 -14"><span class='ocrx_word' id='word_1_158' title='bbox 389 1657 493 1684; x_wconf 91' lang='lat' dir='ltr'>cum</span> <span class='ocrx_word' id='word_1_159' title='bbox 525 1643 795 1685; x_wconf 85' lang='lat' dir='ltr'>Irminfrido</span> <span class='ocrx_word' id='word_1_160' title='bbox 828 1643 1086 1693; x_wconf 80' lang='lat' dir='ltr'>evaderent⁷</span> <span class='ocrx_word' id='word_1_161' title='bbox 1120 1644 1198 1697; x_wconf 88' lang='lat' dir='ltr'>qui</span> <span class='ocrx_word' id='word_1_162' title='bbox 1229 1643 1368 1686; x_wconf 87' lang='lat' dir='ltr'>etiam</span> <span class='ocrx_word' id='word_1_163' title='bbox 1403 1641 1780 1698; x_wconf 72' lang='lat' dir='ltr'>commigraveret</span> <span class='ocrx_word' id='word_1_164' title='bbox 1817 1642 1875 1684; x_wconf 91' lang='lat' dir='ltr'>ad</span> 
     </span>
     <span class='ocr_line' id='line_1_23' title="bbox 393 1702 1125 1756; baseline 0 -14"><span class='ocrx_word' id='word_1_165' title='bbox 393 1702 665 1744; x_wconf 85' lang='lat' dir='ltr'>Hunorumu</span> <span class='ocrx_word' id='word_1_166' title='bbox 699 1715 855 1756; x_wconf 88' lang='lat' dir='ltr'>regem</span> <span class='ocrx_word' id='word_1_167' title='bbox 885 1702 1084 1743; x_wconf 87' lang='lat' dir='ltr'>Attilam</span> <span class='ocrx_word' id='word_1_168' title='bbox 1098 1703 1125 1742; x_wconf 75' lang='lat'>².</span> 
     </span>
    </p>

    <p class='ocr_par' dir='ltr' id='par_1_3' title="bbox 395 1761 1937 1933">
     <span class='ocr_line' id='line_1_24' title="bbox 540 1761 1877 1816; baseline 0.001 -15"><span class='ocrx_word' id='word_1_169' title='bbox 540 1764 607 1802; x_wconf 90' lang='lat'>10.</span> <span class='ocrx_word' id='word_1_170' title='bbox 671 1761 811 1803; x_wconf 92' lang='lat' dir='ltr'>Porro</span> <span class='ocrx_word' id='word_1_171' title='bbox 852 1761 998 1803; x_wconf 81' lang='lat' dir='ltr'>Swevi</span> <span class='ocrx_word' id='word_1_172' title='bbox 1033 1761 1323 1816; x_wconf 81' lang='lat' dir='ltr'>Thuringiis⁸</span> <span class='ocrx_word' id='word_1_173' title='bbox 1361 1761 1650 1816; x_wconf 87' lang='lat' dir='ltr'>interemptis</span> <span class='ocrx_word' id='word_1_174' title='bbox 1689 1774 1877 1816; x_wconf 87' lang='lat' dir='ltr'>occupa-</span> 
     </span>
     <span class='ocr_line' id='line_1_25' title="bbox 396 1817 1872 1874; baseline -0.001 -13"><span class='ocrx_word' id='word_1_175' title='bbox 396 1823 561 1862; x_wconf 89' lang='lat' dir='ltr'>verunt</span> <span class='ocrx_word' id='word_1_176' title='bbox 593 1822 761 1862; x_wconf 89' lang='lat' dir='ltr'>cuncta</span> <span class='ocrx_word' id='word_1_177' title='bbox 790 1820 839 1861; x_wconf 92' lang='lat' dir='ltr'>in</span> <span class='ocrx_word' id='word_1_178' title='bbox 870 1820 1002 1868; x_wconf 78' lang='lat' dir='ltr'>arvis,</span> <span class='ocrx_word' id='word_1_179' title='bbox 1035 1820 1084 1861; x_wconf 94' lang='lat' dir='ltr'>in</span> <span class='ocrx_word' id='word_1_180' title='bbox 1115 1820 1271 1874; x_wconf 83' lang='lat' dir='ltr'>pratis,</span> <span class='ocrx_word' id='word_1_181' title='bbox 1298 1820 1347 1861; x_wconf 90' lang='lat' dir='ltr'>in</span> <span class='ocrx_word' id='word_1_182' title='bbox 1367 1820 1629 1862; x_wconf 87' lang='lat' dir='ltr'>nemoribus</span> <span class='ocrx_word' id='word_1_183' title='bbox 1651 1817 1872 1861; x_wconf 66' lang='lat' dir='ltr'>Unstrbtv</span> 
     </span>
     <span class='ocr_line' id='line_1_26' title="bbox 395 1878 1937 1933; baseline -0.001 -14"><span class='ocrx_word' id='word_1_184' title='bbox 395 1879 615 1921; x_wconf 68' lang='lat' dir='ltr'>fluminew</span> <span class='ocrx_word' id='word_1_185' title='bbox 656 1879 874 1933; x_wconf 87' lang='lat' dir='ltr'>contigua</span> <span class='ocrx_word' id='word_1_186' title='bbox 887 1878 914 1927; x_wconf 75' lang='grc'>3,</span> <span class='ocrx_word' id='word_1_187' title='bbox 963 1892 1014 1920; x_wconf 87' lang='lat' dir='ltr'>ac</span> <span class='ocrx_word' id='word_1_188' title='bbox 1057 1879 1272 1933; x_wconf 88' lang='lat' dir='ltr'>deinceps</span> <span class='ocrx_word' id='word_1_189' title='bbox 1312 1879 1492 1921; x_wconf 89' lang='lat' dir='ltr'>nemine</span> <span class='ocrx_word' id='word_1_190' title='bbox 1532 1878 1774 1921; x_wconf 86' lang='lat' dir='ltr'>resistente</span> <span class='ocrx_word' id='word_1_191' title='bbox 1813 1878 1876 1919; x_wconf 91' lang='lat' dir='ltr'>in-</span> <span class='ocrx_word' id='word_1_192' title='bbox 1901 1892 1937 1918; x_wconf 76' lang='lat'>25</span> 
     </span>
    </p>
   </div>
   <div class='ocr_carea' id='block_1_3' title="bbox 388 2013 1938 2332">
    <p class='ocr_par' dir='ltr' id='par_1_4' title="bbox 388 2013 1938 2261">
     <span class='ocr_line' id='line_1_27' title="bbox 393 2013 1878 2049; baseline -0.001 -7"><span class='ocrx_word' id='word_1_193' title='bbox 393 2016 423 2049; x_wconf 73' lang='lat' dir='ltr'>a)</span> <span class='ocrx_word' id='word_1_194' title='bbox 446 2018 487 2042; x_wconf 76' lang='lat' dir='ltr'>sic</span> <span class='ocrx_word' id='word_1_195' title='bbox 504 2017 541 2045; x_wconf 86' lang='lat' dir='ltr'><strong><em>A.</em></strong></span> <span class='ocrx_word' id='word_1_196' title='bbox 557 2018 591 2045; x_wconf 82' lang='grc' dir='ltr'>Β,</span> <span class='ocrx_word' id='word_1_197' title='bbox 610 2017 644 2044; x_wconf 91' lang='lat' dir='ltr'>G.</span> <span class='ocrx_word' id='word_1_198' title='bbox 736 2016 766 2048; x_wconf 89' lang='lat' dir='ltr'>b)</span> <span class='ocrx_word' id='word_1_199' title='bbox 790 2017 831 2041; x_wconf 74' lang='grc' dir='ltr'>εἰσ</span> <span class='ocrx_word' id='word_1_200' title='bbox 849 2016 874 2040; x_wconf 98' lang='lat' dir='ltr'><em>G</em></span> <span class='ocrx_word' id='word_1_201' title='bbox 893 2022 1003 2047; x_wconf 76' lang='lat' dir='ltr'>semper</span> <span class='ocrx_word' id='word_1_202' title='bbox 1009 2025 1020 2047; x_wconf 89' lang='lat'><em>;</em></span> <span class='ocrx_word' id='word_1_203' title='bbox 1038 2013 1228 2048; x_wconf 68' lang='lat' dir='ltr'>(Go‘ffloldus)</span> <span class='ocrx_word' id='word_1_204' title='bbox 1247 2017 1273 2041; x_wconf 87' lang='lat' dir='ltr'><strong><em>A</em></strong></span> <span class='ocrx_word' id='word_1_205' title='bbox 1279 2025 1290 2047; x_wconf 83' lang='lat'>,-</span> <span class='ocrx_word' id='word_1_206' title='bbox 1315 2014 1484 2042; x_wconf 81' lang='lat' dir='ltr'>Gerholdus</span> <span class='ocrx_word' id='word_1_207' title='bbox 1502 2016 1537 2048; x_wconf 88' lang='grc' dir='ltr'>Β,</span> <span class='ocrx_word' id='word_1_208' title='bbox 1557 2023 1615 2041; x_wconf 78' lang='lat' dir='ltr'>non</span> <span class='ocrx_word' id='word_1_209' title='bbox 1634 2014 1784 2047; x_wconf 87' lang='lat' dir='ltr'>Berhold.,</span> <span class='ocrx_word' id='word_1_210' title='bbox 1804 2016 1878 2048; x_wconf 69' lang='lat' dir='ltr'>quod</span> 
     </span>
     <span class='ocr_line' id='line_1_28' title="bbox 393 2049 1879 2085; baseline 0 -8"><span class='ocrx_word' id='word_1_211' title='bbox 393 2053 552 2080; x_wconf 67' lang='lat' dir='ltr'>Dt&#39;c‘mmler.</span> <span class='ocrx_word' id='word_1_212' title='bbox 604 2051 631 2085; x_wconf 88' lang='lat' dir='ltr'>c)</span> <span class='ocrx_word' id='word_1_213' title='bbox 650 2052 751 2078; x_wconf 82' lang='lat' dir='ltr'>suevis</span> <span class='ocrx_word' id='word_1_214' title='bbox 767 2051 794 2076; x_wconf 87' lang='lat' dir='ltr'><em>B</em></span> <span class='ocrx_word' id='word_1_215' title='bbox 812 2051 839 2079; x_wconf 83' lang='lat' dir='ltr'>h.</span> <span class='ocrx_word' id='word_1_216' title='bbox 858 2051 887 2083; x_wconf 73' lang='lat' dir='ltr'>l„</span> <span class='ocrx_word' id='word_1_217' title='bbox 907 2051 932 2075; x_wconf 88' lang='lat' dir='ltr'><em>G</em></span> <span class='ocrx_word' id='word_1_218' title='bbox 950 2057 1069 2083; x_wconf 74' lang='lat' dir='ltr'>semper.</span> <span class='ocrx_word' id='word_1_219' title='bbox 1123 2052 1152 2082; x_wconf 93' lang='lat' dir='ltr'>d)</span> <span class='ocrx_word' id='word_1_220' title='bbox 1171 2054 1202 2077; x_wconf 87' lang='lat' dir='ltr'>et</span> <span class='ocrx_word' id='word_1_221' title='bbox 1221 2052 1288 2079; x_wconf 84' lang='lat' dir='ltr'>add.</span> <span class='ocrx_word' id='word_1_222' title='bbox 1307 2052 1333 2076; x_wconf 99' lang='lat' dir='ltr'><strong><em>A</em></strong></span> <span class='ocrx_word' id='word_1_223' title='bbox 1351 2054 1376 2076; x_wconf 80' lang='lat' dir='ltr'>et</span> <span class='ocrx_word' id='word_1_224' title='bbox 1396 2052 1431 2076; x_wconf 86' lang='lat' dir='ltr'>B.</span> <span class='ocrx_word' id='word_1_225' title='bbox 1488 2053 1515 2082; x_wconf 85' lang='lat' dir='ltr'>e)</span> <span class='ocrx_word' id='word_1_226' title='bbox 1542 2052 1583 2077; x_wconf 80' lang='grc' dir='ltr'>εἰσ</span> <span class='ocrx_word' id='word_1_227' title='bbox 1604 2052 1629 2076; x_wconf 93' lang='lat' dir='ltr'><em>G</em></span> <span class='ocrx_word' id='word_1_228' title='bbox 1636 2060 1647 2082; x_wconf 91' lang='grc'>,·</span> <span class='ocrx_word' id='word_1_229' title='bbox 1665 2049 1818 2078; x_wconf 75' lang='lat' dir='ltr'>Gotholdo</span> <span class='ocrx_word' id='word_1_230' title='bbox 1836 2052 1879 2081; x_wconf 82' lang='lat' dir='ltr'>B,-</span> 
     </span>
     <span class='ocr_line' id='line_1_29' title="bbox 394 2084 1878 2119; baseline -0.001 -6"><span class='ocrx_word' id='word_1_231' title='bbox 394 2087 545 2113; x_wconf 79' lang='lat' dir='ltr'>Gosholdo</span> <span class='ocrx_word' id='word_1_232' title='bbox 564 2088 599 2115; x_wconf 88' lang='lat' dir='ltr'><strong><em>A.</em></strong></span> <span class='ocrx_word' id='word_1_233' title='bbox 671 2088 695 2118; x_wconf 79' lang='lat' dir='ltr'>f)</span> <span class='ocrx_word' id='word_1_234' title='bbox 712 2088 753 2112; x_wconf 74' lang='lat' dir='ltr'>sic</span> <span class='ocrx_word' id='word_1_235' title='bbox 771 2087 800 2112; x_wconf 82' lang='lat' dir='ltr'>h.</span> <span class='ocrx_word' id='word_1_236' title='bbox 820 2088 839 2114; x_wconf 88' lang='lat' dir='ltr'>l.</span> <span class='ocrx_word' id='word_1_237' title='bbox 852 2087 944 2118; x_wconf 78' lang='lat' dir='ltr'>plane</span> <span class='ocrx_word' id='word_1_238' title='bbox 968 2087 995 2111; x_wconf 88' lang='lat' dir='ltr'><strong><em>A</em></strong></span> <span class='ocrx_word' id='word_1_239' title='bbox 1013 2089 1039 2111; x_wconf 75' lang='lat' dir='ltr'>et</span> <span class='ocrx_word' id='word_1_240' title='bbox 1058 2087 1101 2117; x_wconf 84' lang='lat' dir='ltr'>B,·</span> <span class='ocrx_word' id='word_1_241' title='bbox 1120 2086 1287 2112; x_wconf 82' lang='lat' dir='ltr'>Gozholdus</span> <span class='ocrx_word' id='word_1_242' title='bbox 1306 2087 1341 2114; x_wconf 91' lang='lat' dir='ltr'>G.</span> <span class='ocrx_word' id='word_1_243' title='bbox 1412 2088 1441 2118; x_wconf 79' lang='lat' dir='ltr'>g)</span> <span class='ocrx_word' id='word_1_244' title='bbox 1459 2087 1500 2112; x_wconf 72' lang='grc' dir='ltr'>εἰσ</span> <span class='ocrx_word' id='word_1_245' title='bbox 1519 2087 1553 2114; x_wconf 89' lang='lat' dir='ltr'><strong><em>A.</em></strong></span> <span class='ocrx_word' id='word_1_246' title='bbox 1571 2087 1598 2112; x_wconf 88' lang='lat' dir='ltr'><em>B</em></span> <span class='ocrx_word' id='word_1_247' title='bbox 1615 2087 1760 2119; x_wconf 71' lang='lat' dir='ltr'>(qfidam);</span> <span class='ocrx_word' id='word_1_248' title='bbox 1783 2084 1878 2118; x_wconf 86' lang='lat' dir='ltr'>quod-</span> 
     </span>
     <span class='ocr_line' id='line_1_30' title="bbox 394 2120 1880 2156; baseline -0.001 -8"><span class='ocrx_word' id='word_1_249' title='bbox 394 2122 462 2148; x_wconf 76' lang='lat' dir='ltr'>dam</span> <span class='ocrx_word' id='word_1_250' title='bbox 481 2123 517 2148; x_wconf 87' lang='lat' dir='ltr'>G.</span> <span class='ocrx_word' id='word_1_251' title='bbox 608 2122 638 2156; x_wconf 90' lang='lat' dir='ltr'>h)</span> <span class='ocrx_word' id='word_1_252' title='bbox 661 2123 702 2148; x_wconf 71' lang='lat' dir='ltr'>sic</span> <span class='ocrx_word' id='word_1_253' title='bbox 720 2123 754 2149; x_wconf 88' lang='lat' dir='ltr'>B.</span> <span class='ocrx_word' id='word_1_254' title='bbox 773 2122 816 2153; x_wconf 85' lang='lat' dir='ltr'>G,·</span> <span class='ocrx_word' id='word_1_255' title='bbox 835 2122 985 2147; x_wconf 85' lang='lat' dir='ltr'>Gosholdo</span> <span class='ocrx_word' id='word_1_256' title='bbox 1004 2122 1039 2147; x_wconf 89' lang='lat' dir='ltr'><strong><em>A.</em></strong></span> <span class='ocrx_word' id='word_1_257' title='bbox 1130 2122 1152 2154; x_wconf 89' lang='lat' dir='ltr'>i)</span> <span class='ocrx_word' id='word_1_258' title='bbox 1178 2123 1220 2147; x_wconf 77' lang='lat' dir='ltr'>sio</span> <span class='ocrx_word' id='word_1_259' title='bbox 1237 2122 1296 2155; x_wconf 73' lang='lat' dir='ltr'>(qz)</span> <span class='ocrx_word' id='word_1_260' title='bbox 1314 2123 1350 2148; x_wconf 86' lang='lat' dir='ltr'><strong><em>A.</em></strong></span> <span class='ocrx_word' id='word_1_261' title='bbox 1370 2122 1413 2153; x_wconf 89' lang='lat' dir='ltr'>B;</span> <span class='ocrx_word' id='word_1_262' title='bbox 1438 2120 1517 2153; x_wconf 82' lang='lat' dir='ltr'>quod</span> <span class='ocrx_word' id='word_1_263' title='bbox 1535 2122 1570 2149; x_wconf 87' lang='lat' dir='ltr'>G.</span> <span class='ocrx_word' id='word_1_264' title='bbox 1659 2121 1692 2156; x_wconf 80' lang='lat' dir='ltr'>k)</span> <span class='ocrx_word' id='word_1_265' title='bbox 1712 2128 1735 2154; x_wconf 71' lang='lat' dir='ltr'>q</span> <span class='ocrx_word' id='word_1_266' title='bbox 1751 2122 1776 2147; x_wconf 89' lang='lat' dir='ltr'><em>G</em></span> <span class='ocrx_word' id='word_1_267' title='bbox 1795 2124 1820 2147; x_wconf 70' lang='grc' dir='ltr'>σε</span> <span class='ocrx_word' id='word_1_268' title='bbox 1837 2122 1880 2147; x_wconf 71' lang='grc' dir='ltr'>εἰσ</span> 
     </span>
     <span class='ocr_line' id='line_1_31' title="bbox 393 2157 1938 2190; baseline -0.001 -7"><span class='ocrx_word' id='word_1_269' title='bbox 393 2159 480 2183; x_wconf 76' lang='lat' dir='ltr'>etiam</span> <span class='ocrx_word' id='word_1_270' title='bbox 498 2158 534 2190; x_wconf 87' lang='lat' dir='ltr'>B,</span> <span class='ocrx_word' id='word_1_271' title='bbox 553 2166 610 2184; x_wconf 78' lang='lat' dir='ltr'>non</span> <span class='ocrx_word' id='word_1_272' title='bbox 628 2165 687 2190; x_wconf 84' lang='lat' dir='ltr'>que</span> <span class='ocrx_word' id='word_1_273' title='bbox 704 2158 890 2189; x_wconf 65' lang='lat' dir='ltr'>(Dammler).</span> <span class='ocrx_word' id='word_1_274' title='bbox 980 2157 1001 2188; x_wconf 93' lang='lat' dir='ltr'>l)</span> <span class='ocrx_word' id='word_1_275' title='bbox 1024 2158 1065 2182; x_wconf 77' lang='grc' dir='ltr'>εἰσ</span> <span class='ocrx_word' id='word_1_276' title='bbox 1087 2158 1123 2185; x_wconf 87' lang='lat' dir='ltr'>A.</span> <span class='ocrx_word' id='word_1_277' title='bbox 1146 2158 1189 2188; x_wconf 88' lang='lat' dir='ltr'>B;</span> <span class='ocrx_word' id='word_1_278' title='bbox 1213 2157 1351 2183; x_wconf 81' lang='lat' dir='ltr'>hactinus</span> <span class='ocrx_word' id='word_1_279' title='bbox 1377 2158 1412 2184; x_wconf 88' lang='lat' dir='ltr'>G.</span> <span class='ocrx_word' id='word_1_280' title='bbox 1500 2159 1540 2187; x_wconf 87' lang='lat' dir='ltr'>m)</span> <span class='ocrx_word' id='word_1_281' title='bbox 1559 2158 1622 2182; x_wconf 83' lang='lat' dir='ltr'>Hoc</span> <span class='ocrx_word' id='word_1_282' title='bbox 1641 2157 1676 2189; x_wconf 92' lang='lat' dir='ltr'>G,</span> <span class='ocrx_word' id='word_1_283' title='bbox 1698 2158 1770 2182; x_wconf 72' lang='lat' dir='ltr'>sicut</span> <span class='ocrx_word' id='word_1_284' title='bbox 1787 2164 1878 2189; x_wconf 70' lang='lat' dir='ltr'>supra</span> <span class='ocrx_word' id='word_1_285' title='bbox 1903 2157 1938 2182; x_wconf 76' lang='lat'>30</span> 
     </span>
     <span class='ocr_line' id='line_1_32' title="bbox 388 2191 1878 2226; baseline -0.001 -7"><span class='ocrx_word' id='word_1_286' title='bbox 388 2202 422 2226; x_wconf 72' lang='lat' dir='ltr'>p.</span> <span class='ocrx_word' id='word_1_287' title='bbox 437 2194 498 2225; x_wconf 81' lang='lat'><strong>130,</strong></span> <span class='ocrx_word' id='word_1_288' title='bbox 515 2201 543 2221; x_wconf 83' lang='lat' dir='ltr'>n.</span> <span class='ocrx_word' id='word_1_289' title='bbox 559 2201 584 2221; x_wconf 84' lang='lat' dir='ltr'>r.</span> <span class='ocrx_word' id='word_1_290' title='bbox 629 2193 660 2226; x_wconf 88' lang='lat' dir='ltr'>n)</span> <span class='ocrx_word' id='word_1_291' title='bbox 678 2194 719 2218; x_wconf 73' lang='lat' dir='ltr'>sio</span> <span class='ocrx_word' id='word_1_292' title='bbox 731 2193 769 2220; x_wconf 83' lang='lat' dir='ltr'><strong><em>A.</em></strong></span> <span class='ocrx_word' id='word_1_293' title='bbox 781 2193 825 2223; x_wconf 83' lang='lat' dir='ltr'>B,-</span> <span class='ocrx_word' id='word_1_294' title='bbox 844 2191 1014 2218; x_wconf 79' lang='lat' dir='ltr'>Gozholdus</span> <span class='ocrx_word' id='word_1_295' title='bbox 1026 2193 1061 2220; x_wconf 85' lang='lat' dir='ltr'>G.</span> <span class='ocrx_word' id='word_1_296' title='bbox 1109 2192 1138 2225; x_wconf 91' lang='grc' dir='ltr'>ο)</span> <span class='ocrx_word' id='word_1_297' title='bbox 1156 2193 1197 2218; x_wconf 72' lang='grc' dir='ltr'>εἰσ</span> <span class='ocrx_word' id='word_1_298' title='bbox 1209 2191 1265 2226; x_wconf 60' lang='lat' dir='ltr'>(ui)</span> <span class='ocrx_word' id='word_1_299' title='bbox 1276 2194 1312 2219; x_wconf 92' lang='lat' dir='ltr'><strong><em>A.</em></strong></span> <span class='ocrx_word' id='word_1_300' title='bbox 1324 2193 1359 2218; x_wconf 88' lang='lat' dir='ltr'>B.</span> <span class='ocrx_word' id='word_1_301' title='bbox 1374 2193 1409 2220; x_wconf 89' lang='lat' dir='ltr'>G.</span> <span class='ocrx_word' id='word_1_302' title='bbox 1459 2194 1489 2224; x_wconf 89' lang='lat' dir='ltr'>p)</span> <span class='ocrx_word' id='word_1_303' title='bbox 1508 2193 1665 2225; x_wconf 84' lang='lat' dir='ltr'>sponsione</span> <span class='ocrx_word' id='word_1_304' title='bbox 1678 2193 1712 2219; x_wconf 87' lang='lat' dir='ltr'>G.</span> <span class='ocrx_word' id='word_1_305' title='bbox 1761 2194 1792 2224; x_wconf 87' lang='lat' dir='ltr'>q)</span> <span class='ocrx_word' id='word_1_306' title='bbox 1810 2199 1878 2218; x_wconf 85' lang='lat' dir='ltr'>con-</span> 
     </span>
     <span class='ocr_line' id='line_1_33' title="bbox 394 2226 1878 2261; baseline -0.001 -7"><span class='ocrx_word' id='word_1_307' title='bbox 394 2229 549 2261; x_wconf 78' lang='lat' dir='ltr'>spuatione</span> <span class='ocrx_word' id='word_1_308' title='bbox 567 2229 602 2257; x_wconf 88' lang='lat' dir='ltr'>B.</span> <span class='ocrx_word' id='word_1_309' title='bbox 657 2230 683 2260; x_wconf 87' lang='lat' dir='ltr'>r)</span> <span class='ocrx_word' id='word_1_310' title='bbox 701 2229 742 2253; x_wconf 79' lang='lat' dir='ltr'>sic</span> <span class='ocrx_word' id='word_1_311' title='bbox 756 2228 792 2255; x_wconf 84' lang='lat' dir='ltr'>B.</span> <span class='ocrx_word' id='word_1_312' title='bbox 806 2228 849 2259; x_wconf 88' lang='lat' dir='ltr'>G;</span> <span class='ocrx_word' id='word_1_313' title='bbox 869 2226 1051 2254; x_wconf 78' lang='lat' dir='ltr'>Gosholdum</span> <span class='ocrx_word' id='word_1_314' title='bbox 1064 2228 1101 2253; x_wconf 89' lang='lat' dir='ltr'><strong><em>A.</em></strong></span> <span class='ocrx_word' id='word_1_315' title='bbox 1156 2227 1182 2260; x_wconf 80' lang='lat' dir='ltr'>s)</span> <span class='ocrx_word' id='word_1_316' title='bbox 1203 2229 1244 2253; x_wconf 79' lang='lat' dir='ltr'>sic</span> <span class='ocrx_word' id='word_1_317' title='bbox 1262 2228 1290 2255; x_wconf 86' lang='lat' dir='ltr'>h.</span> <span class='ocrx_word' id='word_1_318' title='bbox 1303 2229 1323 2255; x_wconf 81' lang='lat' dir='ltr'>l.</span> <span class='ocrx_word' id='word_1_319' title='bbox 1339 2228 1373 2256; x_wconf 83' lang='lat' dir='ltr'><strong><em>A.</em></strong></span> <span class='ocrx_word' id='word_1_320' title='bbox 1386 2228 1420 2255; x_wconf 90' lang='lat' dir='ltr'>B.</span> <span class='ocrx_word' id='word_1_321' title='bbox 1433 2228 1467 2255; x_wconf 91' lang='lat' dir='ltr'>G.</span> <span class='ocrx_word' id='word_1_322' title='bbox 1522 2228 1545 2260; x_wconf 84' lang='lat' dir='ltr'>t)</span> <span class='ocrx_word' id='word_1_323' title='bbox 1563 2228 1832 2260; x_wconf 70' lang='lat' dir='ltr'>commigrauerunt</span> <span class='ocrx_word' id='word_1_324' title='bbox 1843 2227 1878 2255; x_wconf 88' lang='lat' dir='ltr'>G.</span> 
     </span>
    </p>

    <p class='ocr_par' dir='ltr' id='par_1_5' title="bbox 393 2260 1878 2297">
     <span class='ocr_line' id='line_1_34' title="bbox 393 2260 1878 2297; baseline 0 -8"><span class='ocrx_word' id='word_1_325' title='bbox 393 2264 425 2297; x_wconf 89' lang='lat' dir='ltr'>u)</span> <span class='ocrx_word' id='word_1_326' title='bbox 443 2264 484 2289; x_wconf 72' lang='lat' dir='ltr'>sic</span> <span class='ocrx_word' id='word_1_327' title='bbox 496 2265 533 2291; x_wconf 85' lang='lat' dir='ltr'><strong><em>A.</em></strong></span> <span class='ocrx_word' id='word_1_328' title='bbox 546 2264 590 2295; x_wconf 84' lang='lat' dir='ltr'>B,-</span> <span class='ocrx_word' id='word_1_329' title='bbox 607 2264 780 2290; x_wconf 83' lang='lat' dir='ltr'>Hunnorum</span> <span class='ocrx_word' id='word_1_330' title='bbox 793 2263 826 2288; x_wconf 90' lang='lat' dir='ltr'>G.</span> <span class='ocrx_word' id='word_1_331' title='bbox 907 2264 939 2294; x_wconf 79' lang='lat' dir='ltr'>v)</span> <span class='ocrx_word' id='word_1_332' title='bbox 956 2263 997 2288; x_wconf 76' lang='lat' dir='ltr'>sic</span> <span class='ocrx_word' id='word_1_333' title='bbox 1016 2263 1057 2293; x_wconf 89' lang='lat' dir='ltr'><strong><em>A,·</em></strong></span> <span class='ocrx_word' id='word_1_334' title='bbox 1076 2260 1202 2289; x_wconf 64' lang='lat' dir='ltr'>unst⁶ovt</span> <span class='ocrx_word' id='word_1_335' title='bbox 1219 2264 1263 2294; x_wconf 81' lang='lat' dir='ltr'>B,·</span> <span class='ocrx_word' id='word_1_336' title='bbox 1281 2263 1432 2289; x_wconf 82' lang='lat' dir='ltr'>Umstrort</span> <span class='ocrx_word' id='word_1_337' title='bbox 1449 2264 1474 2288; x_wconf 91' lang='lat' dir='ltr'><em>G</em></span> <span class='ocrx_word' id='word_1_338' title='bbox 1492 2264 1544 2293; x_wconf 75' lang='lat' dir='ltr'>(cf.</span> <span class='ocrx_word' id='word_1_339' title='bbox 1562 2270 1654 2294; x_wconf 69' lang='lat' dir='ltr'>supra</span> <span class='ocrx_word' id='word_1_340' title='bbox 1671 2270 1704 2295; x_wconf 71' lang='lat' dir='ltr'>p.</span> <span class='ocrx_word' id='word_1_341' title='bbox 1723 2262 1785 2294; x_wconf 77' lang='lat'>133,</span> <span class='ocrx_word' id='word_1_342' title='bbox 1804 2270 1831 2290; x_wconf 77' lang='lat' dir='ltr'>n.</span> <span class='ocrx_word' id='word_1_343' title='bbox 1845 2263 1878 2293; x_wconf 83' lang='lat' dir='ltr'>f).</span> 
     </span>
    </p>

    <p class='ocr_par' dir='ltr' id='par_1_6' title="bbox 394 2299 792 2332">
     <span class='ocr_line' id='line_1_35' title="bbox 394 2299 792 2332; baseline 0.003 -8"><span class='ocrx_word' id='word_1_344' title='bbox 394 2301 433 2331; x_wconf 86' lang='lat' dir='ltr'>w)</span> <span class='ocrx_word' id='word_1_345' title='bbox 452 2300 492 2324; x_wconf 73' lang='grc' dir='ltr'>εἰσ</span> <span class='ocrx_word' id='word_1_346' title='bbox 510 2301 545 2327; x_wconf 93' lang='lat' dir='ltr'><strong><em>A.</em></strong></span> <span class='ocrx_word' id='word_1_347' title='bbox 565 2299 607 2332; x_wconf 80' lang='lat'><strong><em>13,·</em></strong></span> <span class='ocrx_word' id='word_1_348' title='bbox 626 2299 739 2325; x_wconf 81' lang='lat' dir='ltr'>flumini</span> <span class='ocrx_word' id='word_1_349' title='bbox 757 2299 792 2325; x_wconf 94' lang='lat' dir='ltr'>G.</span> 
     </span>
    </p>
   </div>
   <div class='ocr_carea' id='block_1_4' title="bbox 391 2414 1941 3022">
    <p class='ocr_par' dir='ltr' id='par_1_7' title="bbox 391 2414 1941 3022">
     <span class='ocr_line' id='line_1_36' title="bbox 396 2414 1938 2461; baseline 0 -13"><span class='ocrx_word' id='word_1_350' title='bbox 396 2416 431 2461; x_wconf 89' lang='lat'>1)</span> <span class='ocrx_word' id='word_1_351' title='bbox 466 2416 497 2451; x_wconf 93' lang='grc' dir='ltr'>Ι.</span> <span class='ocrx_word' id='word_1_352' title='bbox 524 2426 551 2451; x_wconf 80' lang='lat' dir='ltr'>e.</span> <span class='ocrx_word' id='word_1_353' title='bbox 585 2414 770 2450; x_wconf 79' lang='lat' dir='ltr'>hactenus.</span> <span class='ocrx_word' id='word_1_354' title='bbox 891 2416 928 2459; x_wconf 83' lang='lat'>2)</span> <span class='ocrx_word' id='word_1_355' title='bbox 964 2415 1228 2456; x_wconf 77' lang='lat' dir='ltr'>Irminfridum</span> <span class='ocrx_word' id='word_1_356' title='bbox 1259 2425 1338 2448; x_wconf 81' lang='lat' dir='ltr'>cum</span> <span class='ocrx_word' id='word_1_357' title='bbox 1372 2416 1498 2458; x_wconf 71' lang='lat' dir='ltr'>eaeiquo</span> <span class='ocrx_word' id='word_1_358' title='bbox 1530 2416 1698 2449; x_wconf 77' lang='lat' dir='ltr'>comitatu</span> <span class='ocrx_word' id='word_1_359' title='bbox 1731 2417 1880 2449; x_wconf 68' lang='lat' dir='ltr'>evasisse</span> <span class='ocrx_word' id='word_1_360' title='bbox 1904 2422 1938 2448; x_wconf 77' lang='lat'>35</span> 
     </span>
     <span class='ocr_line' id='line_1_37' title="bbox 394 2462 1879 2506; baseline 0 -9"><span class='ocrx_word' id='word_1_361' title='bbox 394 2465 499 2497; x_wconf 77' lang='lat' dir='ltr'>etiam</span> <span class='ocrx_word' id='word_1_362' title='bbox 525 2463 765 2496; x_wconf 75' lang='lat' dir='ltr'>Widukindus</span> <span class='ocrx_word' id='word_1_363' title='bbox 792 2462 825 2504; x_wconf 87' lang='lat' dir='ltr'>I,</span> <span class='ocrx_word' id='word_1_364' title='bbox 854 2463 910 2503; x_wconf 82' lang='lat'>11,</span> <span class='ocrx_word' id='word_1_365' title='bbox 943 2472 1056 2505; x_wconf 77' lang='lat' dir='ltr'>supra</span> <span class='ocrx_word' id='word_1_366' title='bbox 1084 2472 1123 2505; x_wconf 80' lang='lat' dir='ltr'>p.</span> <span class='ocrx_word' id='word_1_367' title='bbox 1152 2463 1207 2504; x_wconf 86' lang='lat'>17,</span> <span class='ocrx_word' id='word_1_368' title='bbox 1234 2462 1257 2497; x_wconf 84' lang='lat' dir='ltr'>l.</span> <span class='ocrx_word' id='word_1_369' title='bbox 1285 2463 1329 2497; x_wconf 86' lang='lat'>13</span> <span class='ocrx_word' id='word_1_370' title='bbox 1346 2472 1416 2506; x_wconf 76' lang='lat' dir='ltr'>sqq.</span> <span class='ocrx_word' id='word_1_371' title='bbox 1443 2468 1504 2503; x_wconf 86' lang='lat'>(=</span> <span class='ocrx_word' id='word_1_372' title='bbox 1530 2462 1684 2504; x_wconf 78' lang='lat' dir='ltr'>Frutolf.</span> <span class='ocrx_word' id='word_1_373' title='bbox 1714 2473 1752 2505; x_wconf 77' lang='lat' dir='ltr'>p.</span> <span class='ocrx_word' id='word_1_374' title='bbox 1781 2462 1879 2505; x_wconf 83' lang='grc'><strong>178),</strong></span> 
     </span>
     <span class='ocr_line' id='line_1_38' title="bbox 398 2508 1880 2552; baseline 0.001 -9"><span class='ocrx_word' id='word_1_375' title='bbox 398 2510 546 2552; x_wconf 70' lang='lat' dir='ltr'>Gr-eqor.</span> <span class='ocrx_word' id='word_1_376' title='bbox 578 2509 665 2544; x_wconf 84' lang='lat' dir='ltr'>Tur.</span> <span class='ocrx_word' id='word_1_377' title='bbox 697 2509 772 2552; x_wconf 89' lang='lat' dir='ltr'><strong><em>III,</em></strong></span> <span class='ocrx_word' id='word_1_378' title='bbox 796 2510 829 2551; x_wconf 86' lang='lat'>7,</span> <span class='ocrx_word' id='word_1_379' title='bbox 863 2508 927 2542; x_wconf 81' lang='lat' dir='ltr'>SS.</span> <span class='ocrx_word' id='word_1_380' title='bbox 951 2519 1074 2542; x_wconf 79' lang='lat' dir='ltr'>rerum</span> <span class='ocrx_word' id='word_1_381' title='bbox 1097 2508 1229 2544; x_wconf 84' lang='lat' dir='ltr'>Merov.</span> <span class='ocrx_word' id='word_1_382' title='bbox 1255 2509 1286 2551; x_wconf 90' lang='lat' dir='ltr'>I,</span> <span class='ocrx_word' id='word_1_383' title='bbox 1316 2520 1355 2552; x_wconf 77' lang='lat' dir='ltr'>p.</span> <span class='ocrx_word' id='word_1_384' title='bbox 1383 2510 1462 2550; x_wconf 87' lang='lat'><strong>115,</strong></span> <span class='ocrx_word' id='word_1_385' title='bbox 1491 2509 1588 2542; x_wconf 69' lang='lat' dir='ltr'>Arm.</span> <span class='ocrx_word' id='word_1_386' title='bbox 1614 2508 1880 2551; x_wconf 68' lang='lat' dir='ltr'>Quedlinburq„</span> 
     </span>
     <span class='ocr_line' id='line_1_39' title="bbox 396 2555 1880 2600; baseline 0 -9"><span class='ocrx_word' id='word_1_387' title='bbox 396 2557 459 2592; x_wconf 83' lang='lat' dir='ltr'>SS.</span> <span class='ocrx_word' id='word_1_388' title='bbox 484 2556 556 2600; x_wconf 89' lang='lat' dir='ltr'><em>III,</em></span> <span class='ocrx_word' id='word_1_389' title='bbox 578 2567 617 2599; x_wconf 82' lang='lat' dir='ltr'>p.</span> <span class='ocrx_word' id='word_1_390' title='bbox 635 2558 681 2591; x_wconf 84' lang='lat'>32</span> <span class='ocrx_word' id='word_1_391' title='bbox 706 2556 774 2598; x_wconf 78' lang='lat' dir='ltr'>(cf.</span> <span class='ocrx_word' id='word_1_392' title='bbox 796 2555 1021 2598; x_wconf 62' lang='lat' dir='ltr'>Mallenhoff,</span> <span class='ocrx_word' id='word_1_393' title='bbox 1049 2556 1232 2590; x_wconf 55' lang='lat' dir='ltr'>‘Zezlsohn</span> <span class='ocrx_word' id='word_1_394' title='bbox 1257 2557 1283 2598; x_wconf 76' lang='lat' dir='ltr'>f.</span> <span class='ocrx_word' id='word_1_395' title='bbox 1309 2556 1354 2591; x_wconf 91' lang='lat' dir='ltr'>D.</span> <span class='ocrx_word' id='word_1_396' title='bbox 1382 2556 1466 2591; x_wconf 70' lang='lat' dir='ltr'>Alt!</span> <span class='ocrx_word' id='word_1_397' title='bbox 1489 2555 1618 2599; x_wconf 88' lang='lat' dir='ltr'><strong><em>XVII,</em></strong></span> <span class='ocrx_word' id='word_1_398' title='bbox 1639 2566 1680 2599; x_wconf 82' lang='lat' dir='ltr'>p.</span> <span class='ocrx_word' id='word_1_399' title='bbox 1697 2556 1755 2597; x_wconf 85' lang='lat'>66,</span> <span class='ocrx_word' id='word_1_400' title='bbox 1775 2566 1811 2591; x_wconf 80' lang='lat' dir='ltr'>n.</span> <span class='ocrx_word' id='word_1_401' title='bbox 1831 2557 1880 2598; x_wconf 86' lang='lat'>1),</span> 
     </span>
     <span class='ocr_line' id='line_1_40' title="bbox 394 2603 1882 2646; baseline -0.001 -9"><span class='ocrx_word' id='word_1_402' title='bbox 394 2605 570 2644; x_wconf 73' lang='lat' dir='ltr'>tradunt;</span> <span class='ocrx_word' id='word_1_403' title='bbox 601 2604 660 2637; x_wconf 75' lang='lat' dir='ltr'>sed</span> <span class='ocrx_word' id='word_1_404' title='bbox 684 2613 762 2637; x_wconf 80' lang='lat' dir='ltr'>eum</span> <span class='ocrx_word' id='word_1_405' title='bbox 786 2613 965 2637; x_wconf 76' lang='lat' dir='ltr'>reversum</span> <span class='ocrx_word' id='word_1_406' title='bbox 993 2604 1216 2646; x_wconf 78' lang='lat' dir='ltr'>interfectum</span> <span class='ocrx_word' id='word_1_407' title='bbox 1249 2613 1319 2637; x_wconf 75' lang='lat' dir='ltr'>esse</span> <span class='ocrx_word' id='word_1_408' title='bbox 1352 2603 1460 2637; x_wconf 80' lang='lat' dir='ltr'>aliter</span> <span class='ocrx_word' id='word_1_409' title='bbox 1492 2603 1590 2637; x_wconf 74' lang='lat' dir='ltr'>alius</span> <span class='ocrx_word' id='word_1_410' title='bbox 1620 2606 1764 2638; x_wconf 77' lang='lat' dir='ltr'>narrat.</span> <span class='ocrx_word' id='word_1_411' title='bbox 1822 2603 1882 2636; x_wconf 81' lang='lat' dir='ltr'>Ad</span> 
     </span>
     <span class='ocr_line' id='line_1_41' title="bbox 396 2650 1941 2694; baseline -0.001 -10"><span class='ocrx_word' id='word_1_412' title='bbox 396 2651 548 2684; x_wconf 79' lang='lat' dir='ltr'>Attilam</span> <span class='ocrx_word' id='word_1_413' title='bbox 587 2651 759 2694; x_wconf 77' lang='lat' dir='ltr'>reliquias</span> <span class='ocrx_word' id='word_1_414' title='bbox 797 2650 1068 2693; x_wconf 75' lang='lat' dir='ltr'>Thurinyorum</span> <span class='ocrx_word' id='word_1_415' title='bbox 1109 2651 1274 2694; x_wconf 72' lang='lat' dir='ltr'>effuqisse</span> <span class='ocrx_word' id='word_1_416' title='bbox 1308 2651 1382 2684; x_wconf 73' lang='lat' dir='ltr'>nisi</span> <span class='ocrx_word' id='word_1_417' title='bbox 1415 2653 1534 2684; x_wconf 73' lang='lat' dir='ltr'>nos-ter</span> <span class='ocrx_word' id='word_1_418' title='bbox 1567 2659 1667 2684; x_wconf 77' lang='lat' dir='ltr'>nemo</span> <span class='ocrx_word' id='word_1_419' title='bbox 1707 2650 1798 2683; x_wconf 73' lang='lat' dir='ltr'>altor</span> <span class='ocrx_word' id='word_1_420' title='bbox 1830 2653 1881 2683; x_wconf 73' lang='lat' dir='ltr'>eet</span> <span class='ocrx_word' id='word_1_421' title='bbox 1903 2657 1941 2682; x_wconf 84' lang='lat'>40</span> 
     </span>
     <span class='ocr_line' id='line_1_42' title="bbox 396 2696 1879 2741; baseline -0.001 -10"><span class='ocrx_word' id='word_1_422' title='bbox 396 2702 517 2732; x_wconf 59' lang='lat' dir='ltr'>auctor</span> <span class='ocrx_word' id='word_1_423' title='bbox 525 2708 541 2739; x_wconf 89' lang='lat'>,·</span> <span class='ocrx_word' id='word_1_424' title='bbox 557 2708 602 2732; x_wconf 71' lang='grc' dir='ltr'>σω</span> <span class='ocrx_word' id='word_1_425' title='bbox 618 2707 687 2741; x_wconf 79' lang='lat' dir='ltr'>quo</span> <span class='ocrx_word' id='word_1_426' title='bbox 704 2697 920 2741; x_wconf 63' lang='lat' dir='ltr'>intellegitur</span> <span class='ocrx_word' id='word_1_427' title='bbox 932 2697 1027 2730; x_wconf 79' lang='lat' dir='ltr'>huno</span> <span class='ocrx_word' id='word_1_428' title='bbox 1042 2697 1218 2731; x_wconf 71' lang='lat' dir='ltr'>audivisse</span> <span class='ocrx_word' id='word_1_429' title='bbox 1233 2697 1393 2739; x_wconf 77' lang='lat' dir='ltr'>fabulam</span> <span class='ocrx_word' id='word_1_430' title='bbox 1405 2707 1494 2740; x_wconf 76' lang='lat' dir='ltr'>quae</span> <span class='ocrx_word' id='word_1_431' title='bbox 1505 2697 1657 2740; x_wconf 71' lang='lat' dir='ltr'>viquerit</span> <span class='ocrx_word' id='word_1_432' title='bbox 1667 2696 1879 2739; x_wconf 71' lang='lat' dir='ltr'>popularem</span> 
     </span>
     <span class='ocr_line' id='line_1_43' title="bbox 395 2742 1881 2789; baseline -0.001 -11"><span class='ocrx_word' id='word_1_433' title='bbox 395 2748 428 2778; x_wconf 83' lang='lat' dir='ltr'>et</span> <span class='ocrx_word' id='word_1_434' title='bbox 451 2755 541 2788; x_wconf 81' lang='lat' dir='ltr'>quae</span> <span class='ocrx_word' id='word_1_435' title='bbox 563 2744 681 2779; x_wconf 75' lang='lat' dir='ltr'>eadem</span> <span class='ocrx_word' id='word_1_436' title='bbox 705 2746 874 2779; x_wconf 75' lang='lat' dir='ltr'>memoria</span> <span class='ocrx_word' id='word_1_437' title='bbox 890 2745 1031 2778; x_wconf 74' lang='lat' dir='ltr'>nitatur</span> <span class='ocrx_word' id='word_1_438' title='bbox 1046 2755 1088 2777; x_wconf 85' lang='grc' dir='ltr'>ασ</span> <span class='ocrx_word' id='word_1_439' title='bbox 1102 2745 1390 2789; x_wconf 75' lang='lat' dir='ltr'>carminaepica.</span> <span class='ocrx_word' id='word_1_440' title='bbox 1432 2744 1478 2776; x_wconf 82' lang='lat' dir='ltr'>In</span> <span class='ocrx_word' id='word_1_441' title='bbox 1493 2744 1650 2782; x_wconf 75' lang='lat' dir='ltr'>carmine</span> <span class='ocrx_word' id='word_1_442' title='bbox 1665 2742 1881 2787; x_wconf 69' lang='lat' dir='ltr'>Nibelunqo-</span> 
     </span>
     <span class='ocr_line' id='line_1_44' title="bbox 396 2789 1879 2835; baseline -0.001 -10"><span class='ocrx_word' id='word_1_443' title='bbox 396 2802 479 2825; x_wconf 79' lang='lat' dir='ltr'>rum</span> <span class='ocrx_word' id='word_1_444' title='bbox 504 2794 595 2825; x_wconf 81' lang='lat' dir='ltr'>enim</span> <span class='ocrx_word' id='word_1_445' title='bbox 611 2795 642 2825; x_wconf 82' lang='lat' dir='ltr'>et</span> <span class='ocrx_word' id='word_1_446' title='bbox 659 2792 746 2825; x_wconf 79' lang='lat' dir='ltr'>aliis</span> <span class='ocrx_word' id='word_1_447' title='bbox 761 2791 860 2835; x_wconf 81' lang='lat' dir='ltr'>apud</span> <span class='ocrx_word' id='word_1_448' title='bbox 874 2792 1027 2825; x_wconf 76' lang='lat' dir='ltr'>Attilam</span> <span class='ocrx_word' id='word_1_449' title='bbox 1043 2791 1303 2834; x_wconf 76' lang='lat' dir='ltr'>Irminfridum</span> <span class='ocrx_word' id='word_1_450' title='bbox 1319 2793 1350 2825; x_wconf 82' lang='lat' dir='ltr'>et</span> <span class='ocrx_word' id='word_1_451' title='bbox 1365 2791 1532 2833; x_wconf 72' lang='lat' dir='ltr'>Ircnyum</span> <span class='ocrx_word' id='word_1_452' title='bbox 1547 2789 1694 2824; x_wconf 71' lang='lat' dir='ltr'>exulare</span> <span class='ocrx_word' id='word_1_453' title='bbox 1707 2791 1879 2834; x_wconf 73' lang='lat' dir='ltr'>scriptum</span> 
     </span>
     <span class='ocr_line' id='line_1_45' title="bbox 395 2835 1879 2881; baseline 0.001 -10"><span class='ocrx_word' id='word_1_454' title='bbox 395 2839 561 2873; x_wconf 78' lang='lat' dir='ltr'>videmus.</span> <span class='ocrx_word' id='word_1_455' title='bbox 622 2838 676 2881; x_wconf 76' lang='lat' dir='ltr'>Cf.</span> <span class='ocrx_word' id='word_1_456' title='bbox 707 2838 814 2874; x_wconf 75' lang='lat' dir='ltr'>Wilh.</span> <span class='ocrx_word' id='word_1_457' title='bbox 843 2837 994 2881; x_wconf 81' lang='lat' dir='ltr'>Grimm,</span> <span class='ocrx_word' id='word_1_458' title='bbox 1028 2838 1110 2873; x_wconf 76' lang='lat' dir='ltr'>‘Die</span> <span class='ocrx_word' id='word_1_459' title='bbox 1132 2838 1302 2872; x_wconf 76' lang='lat' dir='ltr'>Deutsche</span> <span class='ocrx_word' id='word_1_460' title='bbox 1333 2835 1565 2879; x_wconf 71' lang='lat' dir='ltr'>Heldensaye&#39;</span> <span class='ocrx_word' id='word_1_461' title='bbox 1599 2837 1650 2872; x_wconf 81' lang='lat' dir='ltr'>ed.</span> <span class='ocrx_word' id='word_1_462' title='bbox 1677 2839 1710 2872; x_wconf 88' lang='lat'>3.</span> <span class='ocrx_word' id='word_1_463' title='bbox 1735 2838 1879 2879; x_wconf 85' lang='lat'><em>(1889),</em></span> 
     </span>
     <span class='ocr_line' id='line_1_46' title="bbox 391 2883 1939 2929; baseline -0.002 -10"><span class='ocrx_word' id='word_1_464' title='bbox 391 2895 429 2927; x_wconf 81' lang='lat' dir='ltr'>p.</span> <span class='ocrx_word' id='word_1_465' title='bbox 457 2887 526 2921; x_wconf 88' lang='lat'>130</span> <span class='ocrx_word' id='word_1_466' title='bbox 541 2896 593 2928; x_wconf 75' lang='lat' dir='ltr'>sq.</span> <span class='ocrx_word' id='word_1_467' title='bbox 606 2895 621 2925; x_wconf 84' lang='lat'>,·</span> <span class='ocrx_word' id='word_1_468' title='bbox 650 2885 805 2929; x_wconf 63' lang='lat' dir='ltr'><strong><em>Uhhnd,</em></strong></span> <span class='ocrx_word' id='word_1_469' title='bbox 831 2885 1026 2927; x_wconf 63' lang='lat' dir='ltr'>‘Schriften</span> <span class='ocrx_word' id='word_1_470' title='bbox 1049 2896 1118 2918; x_wconf 81' lang='lat' dir='ltr'>zur</span> <span class='ocrx_word' id='word_1_471' title='bbox 1144 2885 1342 2919; x_wconf 72' lang='lat' dir='ltr'>Gesohiohte</span> <span class='ocrx_word' id='word_1_472' title='bbox 1364 2884 1429 2917; x_wconf 83' lang='lat' dir='ltr'>der</span> <span class='ocrx_word' id='word_1_473' title='bbox 1443 2883 1626 2927; x_wconf 71' lang='lat' dir='ltr'>Dichtuny</span> <span class='ocrx_word' id='word_1_474' title='bbox 1649 2884 1724 2917; x_wconf 76' lang='lat' dir='ltr'>und</span> <span class='ocrx_word' id='word_1_475' title='bbox 1739 2884 1841 2928; x_wconf 68' lang='lat' dir='ltr'>Saqe&#39;</span> <span class='ocrx_word' id='word_1_476' title='bbox 1857 2884 1884 2917; x_wconf 95' lang='lat' dir='ltr'><strong><em>I</em></strong></span> <span class='ocrx_word' id='word_1_477' title='bbox 1902 2890 1939 2916; x_wconf 66' lang='lat'>45</span> 
     </span>
     <span class='ocr_line' id='line_1_47' title="bbox 397 2930 1878 2976; baseline 0.001 -10"><span class='ocrx_word' id='word_1_478' title='bbox 397 2932 538 2975; x_wconf 84' lang='lat'><em>(1865),</em></span> <span class='ocrx_word' id='word_1_479' title='bbox 557 2942 596 2975; x_wconf 82' lang='lat' dir='ltr'>p.</span> <span class='ocrx_word' id='word_1_480' title='bbox 613 2933 704 2976; x_wconf 80' lang='lat'>4693</span> <span class='ocrx_word' id='word_1_481' title='bbox 727 2932 867 2976; x_wconf 72' lang='lat' dir='ltr'>Koeyez,</span> <span class='ocrx_word' id='word_1_482' title='bbox 891 2932 1104 2966; x_wconf 70' lang='lat' dir='ltr'>‘Gesohiohte</span> <span class='ocrx_word' id='word_1_483' title='bbox 1124 2932 1187 2966; x_wconf 76' lang='lat' dir='ltr'>der</span> <span class='ocrx_word' id='word_1_484' title='bbox 1205 2931 1389 2965; x_wconf 70' lang='lat' dir='ltr'>deutschen</span> <span class='ocrx_word' id='word_1_485' title='bbox 1409 2930 1626 2964; x_wconf 79' lang='lat' dir='ltr'>Litteratur&#39;</span> <span class='ocrx_word' id='word_1_486' title='bbox 1641 2931 1672 2973; x_wconf 87' lang='lat' dir='ltr'>I,</span> <span class='ocrx_word' id='word_1_487' title='bbox 1693 2933 1725 2973; x_wconf 89' lang='lat'>1,</span> <span class='ocrx_word' id='word_1_488' title='bbox 1741 2942 1780 2974; x_wconf 82' lang='lat' dir='ltr'>p.</span> <span class='ocrx_word' id='word_1_489' title='bbox 1799 2931 1878 2967; x_wconf 83' lang='lat'>128.</span> 
     </span>
     <span class='ocr_line' id='line_1_48' title="bbox 397 2978 1880 3022; baseline 0.001 -11"><span class='ocrx_word' id='word_1_490' title='bbox 397 2978 432 3021; x_wconf 86' lang='lat'>3)</span> <span class='ocrx_word' id='word_1_491' title='bbox 459 2978 660 3012; x_wconf 73' lang='lat' dir='ltr'>Swovorum</span> <span class='ocrx_word' id='word_1_492' title='bbox 685 2978 772 3019; x_wconf 80' lang='lat' dir='ltr'>fines</span> <span class='ocrx_word' id='word_1_493' title='bbox 795 2989 903 3022; x_wconf 76' lang='lat' dir='ltr'>usque</span> <span class='ocrx_word' id='word_1_494' title='bbox 930 2980 979 3012; x_wconf 79' lang='lat' dir='ltr'>ad</span> <span class='ocrx_word' id='word_1_495' title='bbox 1010 2978 1162 3012; x_wconf 74' lang='lat' dir='ltr'>Unstrut</span> <span class='ocrx_word' id='word_1_496' title='bbox 1189 2979 1334 3020; x_wconf 78' lang='lat' dir='ltr'>fluvium</span> <span class='ocrx_word' id='word_1_497' title='bbox 1359 2987 1542 3020; x_wconf 75' lang='lat' dir='ltr'>nunquam</span> <span class='ocrx_word' id='word_1_498' title='bbox 1562 2979 1777 3021; x_wconf 72' lang='lat' dir='ltr'>pertinuisse</span> <span class='ocrx_word' id='word_1_499' title='bbox 1800 2987 1880 3012; x_wconf 76' lang='lat' dir='ltr'>oon-</span> 
     </span>
    </p>
   </div>
  </div>
 </body>
</html>
