2034 3380
126 1016 160 1040 10

127 1310 160 1335 15

0 1755 7 1796 -ν
44 1775 88 1808 *ιι
101 1776 163 1804 459.

128 1900 163 1926 25

129 2194 163 2220 ³0

129 2425 163 2451 35

371 347 556 384 RERUM
581 348 862 384 GESTARUM
885 348 1262 385 SAXONIGARUM
1286 348 1384 386 LIB.
1409 348 1484 384 ΠΙ.
1605 350 1673 385 107

185 471 341 511 autem
383 483 487 511 cum
526 470 829 512 intellexisset
871 469 1045 512 bellum
1087 484 1142 512 ex
1187 470 1377 512 adverso
1424 473 1549 512 esse²
1595 466 1668 512 etb
1687 474 1770 510 955.

185 531 289 583 post
319 530 502 584 tergum
538 528 784 570 novissima
823 529 1034 583 agminae
1072 529 1337 584 periclitari,
1380 530 1516 571 misso
1558 530 1674 572 duce

186 601 290 629 cum
330 590 494 642 quarta
533 587 714 642 legione
755 588 959 643 captivos
1000 588 1191 643 eripuit,
1239 588 1429 643 predam
1475 589 1675 630 excussit

185 642 628 701 latrocinantiaqued
664 647 867 688 hostium
907 647 1092 702 agmina
1132 647 1469 702 proturbavite.
1542 648 1674 688 Fusis

184 705 568 747 latrocinantibus
598 705 800 760 undique
832 706 1196 748 adversariorum
1227 706 1499 760 agminibus,
1532 707 1674 761 signis

184 764 448 806 victricibus
475 764 568 806 dux
589 761 888 807 Ouonradusf
914 766 972 806 ad
1002 779 1157 820 regem
1178 766 1437 807 revertitur.
1489 765 1675 806 Mirum-

184 826 302 877 queg
325 823 374 864 in
405 818 620 864 modumh
629 857 638 874 ,
672 824 1000 866 cunctantibus
1019 825 1249 866 veteranis
1280 824 1506 866 militibus
1528 824 1675 879 gloria

183 882 403 924 victoriae
455 883 666 933 assuetis,
719 897 823 925 cum
875 897 993 925 novo
1047 883 1194 926 milite
1239 886 1286 926 et
1328 884 1425 926 fere
1470 883 1675 925 bellandi

183 936 367 996 ignaro¹
401 942 689 996 triumphum
720 943 910 998 peregit.

327 1000 467 1041 XLV.
474 997 498 1023 k
572 1001 726 1042 Duml
777 1015 831 1043 ea
876 1004 1101 1056 geruntur
1145 1002 1196 1042 in
1244 997 1502 1052 Boioarial,
1549 1002 1674 1044 varie

185 1061 441 1114 pugnatum
474 1062 544 1101 est
576 1074 603 1101 a
634 1061 812 1114 preside
844 1061 1133 1102 Thiadricom·
1148 1062 1164 1086 ²
1195 1061 1411 1102 adversus
1443 1060 1672 1102 barbaros.

187 1117 303 1159 Cum
335 1131 497 1173 capere
528 1119 683 1160 nisus¹¹
709 1122 828 1161 esset
859 1121 1089 1174 quandam
1122 1120 1282 1162 urbem
1307 1119 1506 1170 illorum,
1530 1133 1674 1181 usque

186 1177 272 1218 ad⁰
306 1177 549 1219 introitum
581 1180 741 1233 portae
773 1181 1040 1233 persecutus
1072 1181 1142 1220 est
1174 1179 1469 1229 adversarios,
1509 1192 1675 1233 cogens

185 1236 290 1277 illos
320 1236 446 1277 intra
476 1250 670 1287 murum,
704 1237 905 1292 oppidoss
935 1238 1112 1292 potitov
1146 1240 1193 1279 et
1222 1238 1409 1279 incenso
1448 1240 1496 1279 et
1536 1238 1675 1278 omni-

186 1295 271 1336 bus
303 1298 448 1349 quaeq
473 1295 597 1337 foras
628 1310 810 1337 murum
842 1298 974 1338 erant
995 1297 1142 1351 captis
1164 1296 1237 1339 vel
1261 1297 1542 1346 interfectis;
1571 1310 1674 1338 cum

185 1354 277 1395 iam
317 1354 532 1396 incendio
573 1355 777 1397 extincto
817 1358 1136 1406 reverteretur,
1185 1358 1233 1398 et
1273 1355 1509 1411 paludem,
1559 1369 1675 1409 quae

187 1415 286 1455 erat
316 1413 447 1455 urbi‘
474 1414 699 1465 adiacens,
733 1415 955 1457 medietas
986 1415 1188 1456 militum
1212 1415 1465 1464 transisset,
1490 1414 1667 1456 Sclavi⁵

185 1472 395 1514 videntes
425 1475 604 1514 nostros
643 1474 692 1514 in
731 1476 831 1515 arto
863 1474 975 1516 sitos
1006 1474 1064 1516 ob
1097 1474 1424 1516 difficultatem
1461 1474 1552 1515 loci
1590 1487 1675 1515 nec

188 1531 366 1585 copiam
397 1530 593 1574 haberet
632 1534 872 1587 pugnandi
907 1547 992 1575 nec
1023 1533 1176 1575 locum
1209 1533 1323 1575 adeo
1354 1533 1578 1587 fugiendi,
1612 1533 1675 1573 in-

187 1589 497 1643 sequebantur
528 1605 554 1631 a
583 1593 716 1646 tergo
746 1594 1029 1634 revertentes
1061 1592 1260 1634 clamore
1292 1595 1512 1646 magno¹¹;
1554 1605 1675 1646 pere-

187 1651 372 1690 merunt
418 1663 472 1691 ex
519 1650 583 1691 eis
630 1651 717 1691 adV
759 1651 1126 1705 quinquagintaW
1163 1651 1304 1700 viros,
1352 1651 1519 1692 foeda¹
1562 1651 1677 1705 fuga

187 1710 447 1749 nostrorum
478 1709 619 1750 facta.
1422 1717 1426 1719 ’

332 1766 522 1808 '‘XLVI.
590 1768 762 1822 Ingens
807 1768 984 1811 interea
1030 1782 1171 1824 pavor
1210 1782 1391 1810 omnem
1433 1768 1676 1809 Saxoniam

186 1825 413 1880 trepidam
447 1840 529 1880 pro
560 1840 668 1881 rege
700 1830 747 1869 et
778 1828 1011 1869 exercituy
1038 1828 1135 1870 eius
1166 1841 1249 1882 pro
1275 1828 1361 1869 hac
1382 1841 1432 1869 re
1454 1828 1669 1869 adversaz

187 1884 368 1926 invasit.
450 1885 704 1927 Terrebant
759 1900 842 1928 nos
899 1889 1109 1941 preterea
1167 1888 1382 1941 portenta
1438 1886 1674 1928 inusitata.

187 1943 377 1998 Templa
423 1944 619 1999 denique
668 1945 898 2000 plerisque
943 1946 992 1987 in
1039 1946 1151 1988 locis
1200 1947 1478 2000 tempestate
1522 1945 1677 1987 valida

188 2016 408 2044 concussa
433 2003 687 2046 visentibus
718 2006 766 2046 et
797 2005 1093 2047 audientibus
1124 2006 1359 2046 horrorem
1389 2004 1582 2045 nimium
1613 2005 1677 2045 in-

189 2074 367 2103 cussere
409 2062 646 2116 utriusque
692 2067 877 2114 sexus⁸;
924 2064 1184 2106 sacerdotes
1226 2064 1324 2105 ictu
1365 2063 1574 2104 fulminis
1614 2064 1677 2103 in-

187 2120 427 2170 terierunt,
470 2123 517 2162 et
549 2121 640 2162 alia
671 2122 820 2163 multa
850 2122 933 2164 illo
964 2124 1170 2177 tempore
1212 2122 1507 2176 contigerunt
1548 2122 1677 2162 dictu

188 2179 445 2220 horrenda4
476 2182 523 2222 et
554 2182 797 2236 propterea
828 2181 960 2223 nobis
992 2182 1311 2236 pretereunda.

187 2280 217 2314 a)
236 2288 300 2307 esse
318 2289 373 2309 om.
392 2283 427 2310 A.
447 2283 544 2314 Saxo,·
562 2282 701 2315 pretendi
718 2283 801 2311 Frut.
883 2284 913 2317 b)
931 2282 984 2309 sed
1002 2284 1085 2312 Frue.
1164 2283 1191 2316 c)
1209 2285 1328 2316 agmina
1348 2291 1402 2311 om.
1422 2284 1457 2311 Δ.
1536 2282 1567 2315 d)
1587 2284 1676 2309 latro-

187 2317 351 2343 cimtium
369 2318 396 2343 B
410 2319 434 2346 1.
505 2320 534 2350 e)
551 2319 593 2344 sic
610 2320 645 2346 A.
665 2319 704 2350 0;
721 2319 908 2350 pen-turbauit
926 2319 988 2346 Bl.
1001 2320 1026 2347 2.
1044 2320 1128 2347 Frut.
1146 2320 1233 2347 Saxo.
1305 2320 1330 2351 f)
1347 2318 1494 2344 conradus
1513 2319 1548 2346 A.
1567 2319 1594 2344 Β
1605 2320 1628 2346 1.
1648 2319 1677 2346 C.

187 2352 277 2378 Saxo.
298 2354 374 2381 Anu.
392 2354 513 2387 Maqdu·
530 2353 685 2380 Cum-adue
704 2355 772 2387 Β2·
793 2354 955 2382 chuonrad.
973 2355 1057 2382 Frut.
1110 2355 1141 2387 g)
1159 2356 1266 2380 Mirum
1279 2354 1348 2387 (qne
1368 2355 1436 2388 ont.)
1454 2355 1518 2382 131.
1574 2354 1606 2387 h)
1624 2355 1677 2380 im-

187 2388 305 2413 modum
322 2389 352 2416 C.
442 2389 464 2422 i)
490 2390 596 2422 ignara
623 2390 652 2418 Ο.
743 2390 775 2422 k)
798 2390 865 2415 inde
889 2390 926 2415 ab
950 2391 1003 2415 hoc
1020 2391 1114 2422 capite
1130 2391 1235 2416 codic-'e
1253 2391 1365 2415 numeri
1382 2398 1444 2415 cum
1464 2390 1556 2415 indice
1573 2391 1678 2416 iterum

187 2430 300 2448 convena
296 2424 362 2451 unt.
433 2424 456 2459 l)
479 2425 611 2451 bawaria
629 2426 667 2453 A.
682 2426 751 2459 313
772 2426 912 2451 Baioaria
930 2426 992 2453 ΒΞ.
1064 2425 1104 2459 m)
1124 2426 1294 2451 theoderico
1313 2427 1356 2457 A,·
1374 2424 1553 2451 'thiederico
1567 2426 1627 2453 Bl.
1647 2426 1677 2458 2;

188 2457 353 2485 thiaderico
373 2459 461 2485 Saxo.
517 2463 548 2491 n)
567 2461 648 2486 uisus
665 2461 728 2488 32.
784 2462 813 2492 o)
831 2462 872 2486 εἰσ
884 2462 919 2489 A.
932 2462 1038 2489 B1.c.
1059 2462 1156 2491 Saxo:
1175 2461 1214 2488 ad
1235 2469 1289 2488 om.
1308 2461 1370 2488 132.
1430 2463 1461 2493 p)
1479 2461 1569 2493 potiti
1588 2462 1676 2488 Saxo.

188 2493 255 2527 q)
239 2502 258 2526 p
278 2495 308 2521 C.
379 2495 406 2527 r)
424 2495 492 2521 urbi
512 2503 568 2523 om.
587 2496 649 2524 32.
721 2498 746 2527 5)
765 2497 837 2522 flaui
850 2498 893 2528 A,·
912 2497 989 2522 slaui
1008 2497 1039 2522 Ο.
1059 2497 1149 2524 Saxo.
1222 2499 1244 2529 t)
1263 2497 1389 2522 haberet
1404 2497 1440 2524 A.
1511 2498 1542 2527 u)
1561 2497 1677 2521 distinc-

188 2529 290 2554 nonem
309 2536 364 2557 om.
382 2531 417 2557 A.
435 2544 472 2550 -
489 2534 521 2557 et
538 2535 729 2563 peremerunt
746 2532 815 2564 Bl;
834 2535 1083 2564 peremeruntqne
1096 2533 1188 2557 Saxo.
1254 2534 1285 2563 v)
1303 2533 1341 2557 ad
1361 2539 1418 2559 om.
1437 2533 1472 2559 A.
1538 2532 1579 2564 w)
1598 2532 1622 2557 L
1641 2533 1677 2560 A.

188 2564 214 2589 B
225 2566 249 2592 1.
268 2565 357 2592 Saxo.
411 2567 443 2596 x)
461 2565 550 2591 foeda
569 2574 624 2594 om.
641 2567 704 2592 Bl.
758 2566 790 2600 y)
808 2568 954 2593 exercitui
971 2569 1008 2594 A.
1064 2567 1091 2600 z)
1109 2567 1267 2593 aduersam
1285 2568 1352 2599 823
1370 2566 1498 2592 aduerso
1512 2568 1550 2599 C,-
1569 2568 1677 2593 inuasit

188 2598 316 2625 aduersa
329 2601 364 2628 A.
432 2602 461 2631 a)
480 2601 526 2626 hie
543 2602 719 2634 intevpunqit
736 2603 889 2627 secundum
906 2610 1018 2628 smum
1037 2606 1110 2628 recte
1127 2604 1163 2635 A,
1184 2603 1289 2635 reliqui
1307 2610 1403 2627 omnes
1421 2603 1481 2627 iam
1494 2605 1562 2634 poet
1579 2603 1678 2628 incus-

189 2642 263 2663 sere.
300 2636 346 2667 Cf.
366 2636 478 2667 Siccha
496 2637 656 2668 Utriusque
675 2637 786 2663 ordinis
804 2636 990 2671 sacerdotem
1011 2639 1106 2664 Saoeo:
1125 2639 1155 2664 et
1173 2637 1344 2664 sacerdotes
1363 2638 1518 2670 utriusque
1537 2644 1636 2664 sexus.
1680 2641 1684 2645 '

190 2717 227 2762 l)
262 2719 336 2752 His
365 2729 504 2762 parum
536 2723 617 2764 apte
646 2729 793 2763 puynae
828 2722 1075 2754 narrationem
1111 2721 1330 2764 interrumpi
1368 2720 1498 2762 negari
1534 2721 1676 2763 nequa&

188 2766 330 2809 ideoque
353 2777 394 2800 ea
411 2766 456 2799 ab
472 2771 615 2800 auctore
635 2771 716 2811 post
731 2767 867 2800 inserta
882 2777 953 2801 esse
969 2767 1095 2811 K6pke
1115 2778 1152 2811 p.
1174 2769 1216 2802 12
1233 2777 1283 2810 sq.
1310 2767 1439 2810 aliique
1454 2770 1677 2807 statum-unt,-

188 2813 283 2855 quod
306 2812 424 2848 Rauso
450 2825 490 2858 p.
516 2815 562 2849 33
578 2824 628 2857 sq.
653 2814 763 2847 nimis
786 2815 957 2847 audacter
980 2816 1213 2858 impugnavit.
1309 2815 1347 2857 2)
1377 2814 1431 2856 Cf.
1456 2813 1566 2847 huius
1590 2813 1679 2847 libri

188 2869 216 2892 o.
250 2861 316 2903 233
352 2871 475 2904 preses
507 2872 530 2894 a
558 2861 779 2894 Widukindo
810 2861 901 2895 idem
937 2862 1002 2904 qui
1035 2860 1198 2895 marchio
1234 2861 1308 2894 dici
1337 2861 1488 2903 videtur,
1523 2861 1582 2903 ΙΙ,
1618 2862 1675 2896 30.

188 2905 263 2949 ΙΙΙ,
281 2907 338 2942 54.
363 2908 420 2943 67.
445 2908 486 2942 de
510 2908 656 2951 Gerone,
681 2908 756 2951 III,
774 2909 831 2944 51.
857 2909 899 2941 de
917 2908 1113 2949 Heinrico;
1137 2908 1192 2950 ΙΙ,
1207 2909 1265 2943 33.
1294 2907 1391 2941 oddo
1415 2907 1676 2942 Lothariorum

188 2953 267 2985 dux
291 2953 353 2987 hoc
375 2956 514 2988 nomine
534 2959 699 2991 ornatur.
738 2956 794 2997 Cf.
815 2955 945 2999 Waitz,
970 2955 1073 2991 ‘VGJ
1096 2955 1180 2998 VII,
1201 2966 1240 2998 p.
1259 2957 1293 2997 3,
1314 2966 1349 2989 n.
1365 2956 1401 2991 2.
1497 2954 1534 3000 3)
1559 2955 1677 2989 Redde

192 2999 403 3043 ‘Vorstadt¹,
434 3012 505 3036 non
521 3002 704 3046 ‘Flecken’,
730 3004 821 3036 siout
846 3003 1084 3038 Wattenbach.
1126 3004 1179 3046 ΟΥ.
1198 3001 1318 3045 Heyel,
1343 3002 1472 3037 ‘Eum
1491 3003 1551 3036 des
1566 3003 1675 3036 Dent»

189 3047 293 3081 solum
310 3047 484 3082 Scddtew!
503 3059 544 3092 p.
562 3051 618 3085 29.
703 3050 741 3093 4)
765 3050 898 3093 Vergil.
922 3051 1010 3086 Aen.
1035 3050 1105 3093 IV,
1132 3062 1163 3085 v.
1184 3050 1274 3086 454:
1299 3048 1538 3084 Hori-endum
1562 3049 1674 3084 dictu.
