2034 3380
368 319 551 357 RERUM
577 318 859 356 GESTARUM
883 317 1263 354 SAXONICARUM
1286 317 1384 355 LIB.
1409 317 1441 355 Ι.
1603 320 1651 355 33

164 443 576 485 considerationem
596 441 668 482 tui
688 440 871 490 habeto,
889 442 937 481 et
958 439 1079 494 quod
1096 439 1155 480 ad
1170 441 1218 481 te
1239 440 1434 482 maxime
1450 439 1649 494 respicit,
1665 445 1745 481 918.

164 502 444 544 Francorum
488 502 618 542 toto⁸
662 512 804 553 regno
853 493 1128 547 consulitob‚
1175 498 1292 539 mei⁰
1342 499 1648 549 adtendendo,

165 561 322 602 fratris
353 560 437 611 tui,
475 558 680 601 consilio.
750 557 870 598 Sunt
910 556 1055 606 nobis,
1097 552 1289 605 fraterd,
1332 557 1491 610 copiae
1531 571 1650 599 exer-

164 620 309 673 citus}³
347 616 658 672 congregandi
689 617 831 670 atque
862 610 1106 665 ducendif,
1139 616 1249 656 sunt
1278 614 1415 656 urbes
1447 617 1495 656 et
1525 629 1651 657 arma

122 693 139 718 5
164 692 268 721 cum
307 676 540 731 regalibus
579 675 789 730 insigniis
829 676 877 716 et
917 688 1051 716 omne
1092 674 1215 728 quod
1256 673 1395 715 decus
1444 674 1623 727 regium
1637 674 1652 698 1

163 736 369 791 deposcit
399 737 553 790 preter
572 735 809 776 fortunam
831 736 969 787 atque
993 746 1154 775 mores.
1216 732 1434 782 Fortuna,
1458 732 1650 782 fraterg,

22 812 138 844 *μαι
162 809 265 837 cum
299 793 620 836 *nobilissimis
651 793 854 834 moribus
885 792 1105 834 Heinrico
1137 791 1273 841 cedit,
1314 804 1465 833 rerum
1506 791 1651 846 publi-

162 867 318 896 carum
358 866 487 895 secus
528 852 728 894 Saxones
768 865 945 893 summa
985 852 1067 892 est.
1139 850 1344 904 Sumptis
1389 850 1535 904 igitur
1579 850 1651 891 his

160 912 385 967 insigniis,
427 906 616 953 lanceah
652 924 794 960 sacra,
836 909 1029 951 armillis
1060 909 1210 951 aureis
1240 923 1344 951 cum
1377 908 1572 950 clamide
1604 911 1652 950 et

103 988 137 1013 ιο
160 974 367 1014 veterum
390 970 545 1026 gladio
565 983 727 1024 regum
749 983 802 1011 ac
824 969 1084 1010 diademate
1098 968 1127 1018 ²,
1159 963 1251 1010 itoi
1282 968 1341 1009 ad
1362 967 1649 1018 Heinricum,

161 1031 304 1072 facito
335 1043 496 1085 pacem
528 1043 632 1071 cum
663 1042 731 1079 eo,
763 1030 818 1069 ut
849 1041 954 1069 eum
983 1027 1273 1069 foederatum
1304 1027 1449 1081 possis
1480 1026 1651 1068 habere

161 1090 208 1130 in
241 1090 529 1144 perpetuum.
582 1087 705 1139 Quid
736 1087 859 1129 enim
888 1099 1072 1128 necesse
1103 1087 1186 1136 est,
1219 1087 1274 1126 ut
1296 1086 1432 1127 cadat
1453 1085 1651 1139 populus

161 1148 441 1189 Francorum
470 1149 626 1188 tecum
658 1159 810 1188 coram
842 1145 928 1187 eo?
958 1145 1057 1199 ipse
1088 1144 1211 1186 enim
1237 1157 1343 1186 vere
1373 1157 1453 1186 rex
1484 1144 1572 1186 erit
1604 1145 1652 1186 et

161 1207 410 1260 imperator
459 1200 741 1247 multorumk
790 1202 1093 1258 populorum'.
1175 1203 1262 1244 His
1315 1203 1451 1244 dictis
1505 1203 1652 1244 frater

103 1281 136 1306 15
160 1265 403 1307 lacrimans
445 1278 492 1306 se
534 1263 792 1306 consentire
831 1262 1082 1317 respondit.
1159 1261 1270 1303 Post
1310 1257 1447 1303 haec¹
1495 1263 1651 1303 autem

159 1327 272 1366 rexm
302 1325 400 1378 ipse
440 1323 635 1365 moritur
647 1322 676 1373 3,
714 1322 785 1364 vir
823 1321 959 1363 fortis
1000 1322 1047 1363 et
1086 1323 1263 1376 potenS,
1306 1320 1430 1362 domi
1470 1319 1651 1361 militia·
1664 1336 1811 1368 (Dec.23).

161 1382 323 1438 quen-4
357 1383 572 1438 optimus,
612 1381 830 1435 largitate
867 1393 1053 1422 serenus
1093 1381 1141 1422 et
1181 1379 1387 1421 omnium
1426 1379 1651 1421 virtutum

159 1441 396 1496 insigniis⁰
443 1441 615 1491 clarus;
664 1439 974 1495 sepeliturque
1019 1439 1070 1480 in
1115 1438 1304 1481 civitate
1345 1451 1429 1479 sua
1460 1438 1652 1479 Wilina-

161 1500 364 1555 busgv·⁵,
403 1513 508 1542 cum
538 1512 743 1541 moerore
774 1512 827 1540 ac
859 1497 1059 1540 lacrimis
1090 1498 1296 1539 omnium
1328 1497 1607 1539 Francorum
1621 1497 1650 1537 ⁶.

101 1599 136 1625 20
301 1582 477 1623 XXVI.
530 1581 594 1623 Ut
626 1595 734 1636 ergo
765 1595 845 1623 rex
876 1581 1139 1635 imperarat,
1173 1580 1499 1622 Evurhardusq
1535 1580 1652 1621 adiit

160 1641 428 1687 Heinricum
478 1654 615 1694 seque
661 1654 766 1682 cum
806 1640 1017 1681 omnibus
1055 1639 1286 1682 thesauris
1330 1638 1403 1679 illi
1441 1638 1650 1688 tradidit,

161 1713 320 1756 pacem
350 1700 477 1750 fecit,
511 1699 762 1741 amicitiam
793 1698 1068 1754 promeruit;
1110 1712 1248 1752 quam
1283 1697 1484 1739 fideliter
1522 1697 1651 1738 fami-

159 1850 188 1881 a)
215 1850 257 1874 εἰσ
283 1849 369 1874 etiam
395 1848 494 1878 Mam
521 1847 576 1872 toti
604 1847 707 1872 iterum
738 1846 766 1871 B
783 1846 811 1878 2,
842 1845 879 1876 cf.
906 1852 999 1877 supra
1023 1853 1056 1876 p.
1075 1845 1119 1876 23,
1151 1852 1179 1872 n.
1198 1851 1231 1876 ο,-
1255 1851 1310 1871 om.
1339 1843 1438 1874 Saoeop
1461 1843 1541 1868 omni
1567 1842 1650 1869 Frut.

158 1885 190 1918 b)
217 1885 352 1910 consulto
376 1884 407 1911 C.
461 1883 490 1916 ο)
507 1883 566 1908 mei
579 1882 713 1914 om.B2;
733 1888 799 1907 meo
817 1881 920 1912 Frut.‚·
939 1881 1019 1906 Saxo
1038 1883 1111 1905 recte
1128 1880 1196 1907 mei.
1251 1878 1283 1911 d)
1302 1879 1396 1904 frater
1412 1885 1468 1906 om.
1485 1878 1547 1904 131.
1564 1878 1649 1906 Επεὶ,

99 1923 134 1948 25
159 1923 187 1952 e)
206 1920 369 1946 exercitum
387 1919 414 1944 Β
428 1920 454 1946 1.
474 1919 565 1946 Saxo.
635 1918 661 1948 f)
681 1917 714 1942 12
733 1917 847 1941 litterae
866 1923 967 1941 erasae
981 1915 1011 1942 C.
1093 1916 1125 1947 g)
1143 1916 1238 1941 frater
1255 1922 1347 1946 supra
1367 1915 1444 1939 linea
1463 1914 1560 1940 insert.
1578 1913 1605 1937 Β
1616 1914 1646 1945 1;

159 1956 276 1987 Frater,
297 1955 367 1982 fort.
385 1954 474 1981 Saxo.
548 1953 580 1986 h)
599 1960 686 1978 sacra
703 1953 810 1977 lancea
827 1952 890 1979 Bl.
961 1951 983 1982 i)
1003 1954 1034 1976 et
1051 1951 1095 1976 ito
1115 1951 1146 1976 C.
1214 1949 1246 1982 k)
1264 1957 1333 1981 pop.
1353 1949 1436 1976 mult.
1453 1949 1538 1975 Frut.
1559 1948 1650 1976 Saxo.

160 1990 181 2022 l)
196 1991 214 2015 8
238 1991 351 2015 litterae
369 1996 469 2014 erasae
488 1989 518 2015 C.
589 1988 630 2020 m)
648 1988 712 2020 ipse
731 1994 784 2013 rex
803 1988 838 2014 A.
858 1987 927 2018 1323
947 1987 1009 2018 ipse
1029 1994 1084 2013 om.
1096 1986 1180 2012 Frut.
1196 1986 1294 2015 Saxo,·
1313 1985 1350 2015 cf.
1368 1992 1460 2015 supra
1473 1992 1506 2015 p.
1519 1984 1563 2015 25,
1577 1991 1606 2008 n.
1620 1983 1650 2010 k.

159 2028 192 2056 n)
209 2026 250 2050 sie
262 2028 287 2050 et
300 2025 377 2052 Meu.
389 2025 488 2055 Frut.,·
506 2022 587 2048 domi
601 2026 632 2048 et
645 2023 757 2048 milicia
770 2022 848 2047 Saxo
855 2031 866 2053 ;
884 2022 1068 2053 militiaeque
1087 2021 1114 2046 B
1123 2022 1139 2046 2
1158 2021 1204 2045 ln'e
1216 2023 1241 2044 et
1253 2020 1377 2051 saepius.
1431 2018 1460 2051 o)
1478 2019 1601 2049 insignis
1615 2019 1651 2045 A.

159 2063 190 2092 p)
214 2061 255 2085 sie
273 2061 308 2088 A.
326 2061 357 2087 C.
374 2060 476 2090 Frut.,·
499 2058 698 2084 wilinaburch
716 2058 787 2090 Bl;
814 2057 1003 2088 wilinaburh,
1020 2059 1122 2088 postea
1146 2055 1323 2080 wilineburh
1348 2055 1446 2085 Saxo5
1469 2053 1650 2079 viliniburch

101 2098 136 2123 30
161 2096 335 2125 nnuman,-
352 2093 608 2126 Quidelingaburg
625 2093 652 2118 Β
664 2094 691 2121 2.
757 2093 787 2125 q)
805 2093 846 2118 εἰσ
865 2092 944 2117 Mett.
962 2092 1171 2122 (Thietmar.),·
1190 2088 1374 2116 eberhardus
1393 2090 1429 2117 A.
1447 2089 1547 2120 Frut.,·
1566 2095 1651 2114 euer-

160 2129 272 2157 hardus
290 2131 351 2158 Bl.
364 2131 390 2158 2.
410 2130 510 2160 Senem·
528 2127 713 2155 euuthudus
732 2128 763 2160 0,
783 2131 809 2152 et
827 2128 870 2152 ita
888 2127 1014 2158 memus.

159 2257 194 2300 1)
234 2255 385 2290 Sallust.
418 2254 498 2297 luy.
534 2265 561 2289 c.
596 2255 654 2289 33.
690 2254 754 2288 72:
794 2254 923 2286 contra
959 2250 1069 2285 decus
1101 2250 1255 2295 regium.
1376 2249 1414 2294 2)
1453 2250 1508 2292 Cf.
1543 2250 1650 2292 infra

158 2303 210 2346 II,
237 2304 269 2338 1.
330 2302 383 2335 De
420 2311 528 2335 sacra
569 2300 700 2342 lancea,
742 2310 832 2342 quae
872 2299 929 2332 hie
962 2299 1126 2342 primum
1166 2301 1196 2330 et
1229 2297 1389 2339 forsitan
1419 2301 1650 2341 praemature

157 2353 458 2391 commemoratur,
494 2348 623 2390 Wat‘tz,
660 2347 768 2382 ‘VGJ
805 2346 855 2381 ed.
883 2347 915 2381 2.
959 2345 1023 2386 VI,
1059 2357 1096 2388 p.
1122 2346 1204 2387 289,
1240 2355 1277 2379 n.
1301 2345 1335 2379 2.
1433 2345 1470 2388 3)
1508 2345 1561 2378 De
1593 2345 1649 2378 die

99 2403 133 2430 35
158 2399 203 2439 ef.
229 2397 358 2438 Waitz,
383 2396 524 2430 ‘Heinra
547 2395 591 2430 I.’
619 2405 659 2438 p.
685 2395 754 2429 201
771 2404 822 2436 sq.
917 2392 956 2436 4)
983 2391 1090 2425 Hanc
1114 2401 1250 2434 quoque
1272 2391 1430 2434 fiyuram
1455 2393 1519 2434 (cf.
1545 2393 1650 2434 infra

70 2458 73 2461 *
157 2444 212 2486 II,
239 2445 296 2479 33.
334 2442 410 2485 III,
434 2443 492 2477 44.
527 2443 584 2477 51.
621 2445 651 2474 et
688 2443 768 2484 cet.)
801 2443 926 2473 audor
957 2442 1077 2472 noster
1108 2438 1278 2472 Sallustio
1311 2437 1416 2480 debet,
1452 2440 1518 2482 qui
1548 2437 1648 2472 domi

158 2489 380 2533 militiaeque
413 2489 515 2522 habet
540 2489 616 2523 Cat.
649 2498 676 2522 c.
703 2489 736 2523 5.
771 2488 803 2522 6.
840 2488 874 2521 9.
906 2487 964 2522 53.
999 2490 1030 2519 et
1064 2486 1147 2519 aliis
1179 2486 1275 2519 locis.
1396 2486 1434 2529 5)
1470 2486 1650 2528 Weilburq

159 2537 206 2570 ad
233 2537 384 2580 fluvium
407 2535 525 2570 Lalm.
573 2535 701 2577 Reyem
734 2533 773 2566 in
797 2531 917 2567 Fulda
948 2532 1170 2566 monasterio
1204 2531 1420 2565 tumulatum
1453 2543 1524 2566 esse
1548 2532 1645 2567 Cont.

158 2584 362 2627 Reqinom‘e,
378 2582 443 2616 SS.
460 2593 493 2617 r.
511 2582 554 2617 G.
574 2593 614 2625 p.
629 2582 710 2623 156,
733 2581 830 2623 dicit,
855 2590 900 2613 ea·
914 2590 983 2623 quo
998 2580 1159 2613 Annales
1175 2579 1359 2613 Mettenees
1374 2579 1458 2612 haec
1481 2580 1650 2622 recepisse

98 2638 135 2663 40
158 2632 344 2665 m'dentur:
380 2628 625 2673 sepeliturque
659 2627 698 2660 in
734 2626 954 2661 monasterio
991 2625 1175 2661 Fuldensi.
1242 2626 1300 2667 Cf.
1338 2625 1508 2658 Mariam·
1540 2626 1651 2659 Seotti

160 2678 292 2713 Cho-on.
328 2687 364 2711 α.
397 2678 468 2712 940
500 2676 617 2717 (918),
652 2674 716 2709 SS.
746 2673 789 2716 V,
821 2684 862 2716 p.
891 2674 982 2717 5533
1018 2673 1216 2715 Dammzer,
1252 2673 1381 2713 ‘Ostfon
1415 2672 1537 2705 Reich’
1569 2671 1645 2715 III,

155 2735 193 2768 p.
217 2726 299 2768 616,
325 2734 361 2759 n.
386 2724 421 2759 2.
469 2721 683 2756 Widukindi
704 2730 808 2754 error
832 2721 915 2754 inde
932 2720 1118 2763 profectus
1141 2724 1202 2762 est,
1228 2719 1321 2762 quod
1346 2718 1534 2753 Conradue
1557 2722 1647 2752 natu

160 2773 286 2814 maior,
322 2772 418 2813 regis
449 2773 566 2813 pater,
604 2770 645 2802 in
676 2767 906 2810 Wilinahury
940 2766 1027 2800 urbe
1060 2767 1218 2810 sepultus
1253 2770 1342 2800 erat.
1483 2766 1521 2810 6)
1561 2776 1647 2800 cum

160 2817 308 2860 planctu
331 2819 369 2851 et
391 2815 551 2851 lacrimis
573 2813 816 2860 plurimarum
840 2812 1004 2859 gentium
1029 2814 1134 2856 infra
1158 2813 1189 2855 I,
1213 2814 1282 2856 41;
1317 2823 1401 2846 cum
1435 2812 1575 2858 gemitu
1608 2814 1647 2846 et

102 2869 138 2895 45
161 2862 317 2898 lacrimis
351 2863 515 2898 omnium
551 2861 738 2897 Saxonum
774 2861 834 2904 II,
866 2861 934 2904 413
976 2871 1060 2894 cum
1095 2858 1184 2894 flet-u
1221 2861 1259 2893 et
1293 2858 1445 2903 planctu
1481 2859 1644 2893 omnium

161 2909 386 2990 {raucorum
425 2911 501 2955 III,
542 2911 608 2954 473
654 2919 739 2943 cum
778 2908 878 2942 luctu
919 2909 956 2942 et
994 2906 1143 2952 planctu
1184 2906 1385 2940 multorum
1424 2906 1644 2951 populorum

183 2957 237 3000 II,
261 2957 317 2992 57.

234 3023 409 3053 widukind.
1338 3026 1361 3060 3
