2034 3380
742 349 1052 389 PRAEFATIO.
1527 351 1646 389 XVII

149 474 311 527 addita,
359 478 406 516 ut
443 472 718 528 imperatoris
755 485 824 514 res
870 471 1109 524 absolveret,
1157 485 1265 525 quas
1310 472 1360 515 in
1406 473 1646 517 Germania

147 538 286 588 qesta-s
316 533 405 587 ipse
435 532 554 575 vidit.
617 532 719 573 Non
750 529 995 573 continuam
1026 530 1176 572 horum
1212 545 1425 574 annorum
1466 532 1646 585 confecit

150 592 386 645 historiam,
427 593 502 634 sed
526 604 675 645 pauca
705 593 882 642 tantum,
923 603 1031 642 quae
1060 589 1142 632 huc
1171 594 1358 643 spectare
1388 591 1642 646 viderentur,

149 650 375 694 memoriae
424 649 616 692 tradidit.
704 623 882 692 Utinani
930 649 1032 691 haec
1082 661 1242 702 quoque
1286 650 1530 692 accuratius
1580 665 1645 693 ex-
1668 682 1670 685 -

107 727 125 753 5
140 709 363 764 posuisset,
394 708 562 751 utinam
593 708 700 751 alter
723 707 1013 751 Widukindus
1039 707 1203 750 Ottonis
1229 708 1301 750 ΙΙ.
1330 712 1369 750 et
1389 709 1492 751 III.
1520 709 1645 752 histo-

148 768 262 810 riam
292 767 634 821 conscripsisset!

291 827 394 882 Ipse
413 841 522 880 vero,
554 831 602 868 ut
625 826 780 869 librum
800 826 1087 869 additamento
1106 826 1182 869 illo
1202 826 1336 880 auxit,
1361 826 1647 882 paucissimos

149 887 258 929 locos
288 886 379 929 eius
408 885 665 928 retractavit.
718 886 785 928 Ac
806 885 1002 941 primu-m
1032 885 1200 939 quidem
1230 886 1271 939 I,
1295 889 1366 927 22.
1399 887 1449 929 de
1469 886 1646 929 insidiis

148 946 409 988 Adalberhto
441 945 581 988 comiti
612 949 652 987 et
671 944 880 988 Heinrico
911 944 1009 987 duci
1040 946 1093 988 ab
1115 945 1304 988 Hattone
1330 945 1646 1001 archiepiscopo

89 1022 124 1048 ιο
148 1004 408 1059 Moyuntino
448 1004 620 1058 paratis
660 1004 842 1058 inqenuo
883 1004 1027 1046 animo
1066 1005 1267 1047 retulerat
1280 1006 1322 1058 ¹;
1367 1019 1494 1058 quam
1539 1005 1645 1048 rela-

149 1063 302 1106 tionem
348 1065 474 1106 codex
517 1063 563 1105 B
593 1069 613 1105 1
662 1067 701 1106 et
745 1077 852 1117 quae
898 1065 951 1105 ab
997 1077 1043 1106 eo
1080 1064 1214 1117 paulo
1260 1064 1474 1118 discrepat
1517 1063 1645 1107 editio

143 1123 346 1177 princeps
377 1120 443 1174 (B
463 1123 513 1176 2)
545 1126 830 1175 servaverunt,
863 1122 1091 1174 Frutolfus
1129 1136 1289 1177 quoque
1328 1123 1439 1177 leyit.
1510 1124 1649 1166 Haud

148 1181 273 1224 dubie
303 1195 396 1224 cum
427 1181 527 1224 talis
558 1181 770 1224 accusatio
801 1186 949 1224 contra
970 1196 1177 1224 summum
1200 1182 1447 1235 pontificem
1469 1183 1646 1236 prolata

148 1240 314 1285 auctori
343 1240 393 1282 in
424 1240 691 1294 opprobrium
722 1240 829 1282 verti
850 1240 1049 1294 potuerit,
1082 1241 1272 1283 breviata
1302 1245 1364 1283 est
1392 1246 1432 1283 et
1450 1241 1646 1296 mitiyata

88 1316 124 1342 15
147 1299 197 1342 in
228 1300 314 1342 cod.
344 1298 389 1352 G,
421 1299 470 1342 in
490 1300 534 1342 A
563 1299 734 1342 omnino
764 1300 855 1352 fere
874 1313 1114 1353 suppressa.
1166 1300 1407 1343 Lectionem
1429 1300 1584 1343 codicis
1611 1300 1649 1344 C

148 1373 199 1402 eoe
239 1358 443 1401 relatione
484 1358 669 1401 codicum
710 1358 755 1400 B
783 1363 820 1400 1.
863 1362 888 1400 2
920 1363 1073 1414 postea
1113 1363 1249 1402 ortam
1289 1374 1376 1402 esse
1417 1374 1469 1402 ea:
1507 1360 1646 1403 verbis

142 1433 188 1473 p.
223 1422 291 1469 30,
335 1418 361 1459 l.
398 1422 584 1460 14—17.
626 1418 770 1460 minus
808 1422 903 1472 apte
942 1418 1115 1461 insertis
1146 1423 1291 1473 patet;
1331 1419 1378 1461 in
1410 1420 1454 1461 A
1492 1419 1644 1462 deinde

147 1479 294 1531 mayni
316 1477 526 1531 ponderis
555 1482 655 1520 sunt
674 1477 907 1532 praecipue
936 1479 1063 1520 verba
1094 1478 1196 1521 haec
1227 1493 1275 1532 p.
1309 1482 1378 1532 29,
1417 1480 1444 1521 l.
1482 1482 1534 1520 12
1557 1493 1644 1533 sq..·

148 1537 331 1579 Hattho
363 1540 518 1580 autem
550 1538 710 1579 videns
742 1538 836 1579 suis
868 1538 1045 1580 arfibus
1077 1539 1215 1581 finem
1245 1539 1527 1594 impositum,
1551 1552 1643 1581 cum

89 1612 125 1638 πο
148 1600 275 1639 antea
320 1597 370 1638 de
415 1595 505 1638 illis
550 1596 714 1638 artibus
759 1596 872 1639 nihil
916 1597 1091 1650 legatur.
1169 1596 1265 1651 [Ex
1311 1597 1462 1651 quibus
1506 1597 1645 1640 verbis

149 1656 307 1699 elucere
337 1655 503 1698 videtur
522 1655 766 1709 scriptm·em
787 1655 934 1710 le9isse
954 1655 1249 1699 narrationem
1270 1656 1458 1699 codicum
1478 1656 1523 1699 B
1540 1661 1577 1698 1.
1601 1661 1642 1710 2,

148 1719 196 1758 ut
231 1715 279 1757 V.
320 1714 384 1757 Ol.
425 1716 476 1757 cle
516 1714 688 1757 Simson
728 1715 755 1756 l.
788 1715 816 1757 Ζ.
847 1729 898 1770 p.
933 1718 1031 1757 568.
1065 1719 1165 1769 post
1203 1715 1313 1758 alios
1350 1715 1504 1758 iterum
1543 1717 1645 1758 bene

148 1773 324 1816 monuit.
392 1773 439 1824 O.
472 1774 532 1816 H.
537 1772 632 1827 E]
694 1773 905 1816 Similiter
943 1774 1247 1817 sententiarum
1287 1788 1421 1817 nexus
1459 1779 1645 1818 mutatus

149 1837 210 1876 est
239 1825 339 1886 ΪΙΙ,
373 1837 412 1887 2,
444 1833 516 1875 ubi
546 1833 591 1875 B
615 1838 653 1875 1.
687 1836 712 1874 2
745 1837 784 1875 et
814 1833 1050 1875 Annalista
1082 1833 1198 1876 Saoeo
1229 1834 1439 1877 nonnulla
1469 1836 1520 1877 de
1555 1833 1644 1888 qui-

90 1907 126 1934 25
150 1893 326 1936 busdam
357 1892 578 1935 abbatibus
615 1891 934 1936 Gorbeiensibus
955 1893 1198 1946 proferunt,
1230 1907 1338 1947 quae
1368 1893 1418 1936 in
1447 1893 1491 1935 A
1522 1898 1560 1936 et
1596 1892 1641 1947 Ο,

150 1952 236 1995 sive
265 1953 377 2005 quod
405 1965 635 1994 sermonem
665 1953 966 2006 quodammodo
1000 1952 1368 2006 interrumperent,
1408 1952 1496 1995 sive
1534 1927 1647 2007 quod

149 2011 289 2064 mayis
319 2012 379 2053 ad
412 2010 636 2053 historiam
674 2011 923 2053 monasterii
962 2025 1089 2065 quam
1119 2012 1271 2066 populi
1310 2016 1497 2065 spectare
1535 2012 1644 2054 vide-

152 2073 312 2122 rentur,
344 2069 510 2111 sublata
540 2074 650 2112 sunt.
712 2069 801 2112 His
832 2070 933 2112 loc-is
963 2071 1090 2112 verba
1120 2070 1307 2113 codicum
1337 2070 1383 2112 B
1408 2076 1427 2112 1
1463 2075 1503 2113 et
1534 2074 1559 2112 2
1592 2071 1647 2113 ab

151 2128 243 2183 ipso
273 2127 535 2172 Widuhindo
566 2142 654 2171 esse
683 2128 843 2182 scripta
866 2128 923 2170 B.
952 2130 1002 2171 de
1029 2129 1199 2171 Simson
1213 2131 1229 2154 '2
1258 2133 1407 2183 aryute
1433 2129 1649 2183 perspexit

93 2202 129 2228 zo
152 2192 191 2230 et
219 2187 474 2241 probavit3‚·
512 2189 587 2230 secl
615 2187 742 2230 etiam
782 2201 889 2240 quae
919 2188 963 2229 A
1002 2192 1042 2230 et
1077 2188 1115 2231 Ο
1140 2190 1350 2242 praebent
1383 2188 1648 2232 Widuhindo

152 2247 271 2289 haud
308 2246 658 2289 abiudicarimus.
741 2247 903 2300 Ubique
944 2248 1120 2289 eundem
1159 2247 1302 2290 stilum
1341 2248 1649 2301 deprehendere

152 2305 273 2349 nobis
303 2305 520 2359 videmur7·
550 2305 600 2348 in
631 2306 768 2348 verbis
800 2305 955 2357 codicis
988 2306 1025 2349 G
1045 2321 1093 2359 p.
1117 2311 1187 2360 30,
1221 2306 1248 2349 Ζ.
1274 2311 1351 2349 16;
1385 2308 1508 2362 quod
1540 2308 1647 2363 quia

152 2380 246 2408 non
285 2366 530 2421 probamus
545 2366 574 2417 4,
614 2380 663 2420 p.
707 2370 776 2418 89,
825 2365 851 2407 Ζ.
898 2370 972 2407 15:
1020 2367 1110 2408 nisi
1150 2367 1408 2409 rarissimus
1455 2367 1646 2422 quisque

155 2480 190 2527 1)
202 2481 256 2524 Of.
267 2481 506 2524 Wattenbach,
515 2482 598 2516 ‘SB.
607 2482 1049 2516 derBerlinerAkademie’
1062 2483 1165 2518 1896.
1176 2494 1213 2527 p.
1225 2484 1306 2519 350.
1380 2483 1417 2527 2)
1425 2483 1483 2518 ‘N.
1494 2483 1629 2516 Archiv
1637 2483 1647 2499 '

95 2537 129 2562 35
153 2528 240 2572 XV,
268 2539 308 2572 p.
334 2530 404 2565 565
419 2539 494 2572 sqq.
605 2530 642 2574 3)
676 2529 828 2563 Praeter
851 2529 942 2563 locos
965 2530 989 2565 l.
1016 2530 1039 2565 l.
1068 2541 1108 2573 Ρ.
1134 2531 1216 2566 572.
1249 2533 1388 2564 notatos
1411 2531 1521 2564 attuli
1544 2532 1648 2573 infra

148 2587 187 2620 Ρ.
214 2577 272 2619 90,
297 2587 333 2611 n.
361 2577 393 2611 1.
419 2578 452 2612 3.
477 2577 579 2612 alios.
627 2577 744 2620 Adp
747 2578 838 2619 .,9Ο
866 2577 888 2611 Ζ.
914 2579 957 2613 9.
991 2575 1066 2611 Sed
1091 2579 1127 2611 et
1151 2576 1229 2622 ipse
1253 2589 1368 2622 nepos
1401 2580 1480 2612 erat
1507 2577 1647 2611 Warini

155 2624 199 2666 cf.
219 2634 259 2666 Ρ.
278 2624 358 2666 111,
382 2624 405 2659 Ζ.
423 2625 533 2667 589..·
557 2622 622 2658 sed
646 2625 684 2658 et
707 2623 785 2668 ipse
810 2623 886 2657 dux
907 2623 1164 2660 Herimannus.
1262 2626 1299 2669 4)
1323 2625 1380 2666 Cf.
1400 2636 1440 2668 Ρ.
1458 2627 1516 2667 43,
1539 2626 1562 2660 Ζ.
1582 2626 1646 2660 14:

155 2681 262 2751 quaet
283 2670 398 2752 quisi
404 2681 479 2705 non
518 2670 726 2715 probamus.
795 2671 896 2712 Quod
936 2672 1000 2706 hoc
1040 2672 1111 2706 loco
1150 2683 1266 2706 sermo
1305 2672 1447 2706 sillabis
1486 2673 1649 2706 consonis

154 2728 248 2752 orna
263 2729 307 2752 us

95 2772 132 2797 ιο
415 2764 465 2811 Is,
490 2767 532 2799 ut
556 2765 690 2808 ferunt,
715 2764 974 2810 Adelberhtus,

418 2793 465 2848 ab,
487 2812 567 2857 ipso
592 2812 777 2857 quondam
800 2812 975 2857 pontifice
1000 2813 1039 2847 in
1063 2812 1136 2848 fide
1160 2815 1359 2860 susceptus,

418 2860 494 2895 eius
520 2863 576 2895 est
600 2859 751 2894 consilio
776 2859 971 2905 deceptus3

416 2907 514 2952 quod
538 2907 624 2952 quia
647 2918 722 2942 non
746 2907 955 2953 probamus,

415 2966 616 2999 numquam
640 2954 886 2999 adfirmamus,

98 3006 133 3031 45
417 3001 480 3036 sed
504 3002 607 3047 vulgi
629 3013 778 3037 rumore
801 3002 917 3049 magis
942 3001 1069 3037 fictum
1095 3002 1276 3038 credimus
1300 3024 1348 3030 —

231 3070 403 3101 Widukind.
1322 3073 1365 3108 11
