2034 3380
104 1013 138 1038 10

102 1318 138 1344 15

103 1616 140 1641 20

104 1910 139 1936 25

109 2996 145 3021 45

368 347 553 383 RERUM
579 346 859 383 GESTARUM
883 345 1261 382 SAXONIGARUM
1285 345 1383 382 LIB.
1409 345 1440 382 I.
1628 347 1652 382 5

306 469 455 510 ΙΙΙΙ.ει
505 468 676 510 Incolis
705 481 812 510 vero
834 467 1083 508 adventum
1106 480 1263 509 eorum
1284 468 1486 522 graviter
1506 467 1652 509 feren-

162 528 301 579 tibus,
334 528 413 582 qui
443 527 670 581 Thuringi
699 521 976 567 tradunturb
1013 526 1169 575 fuisse,
1212 540 1340 567 arma
1371 529 1534 568 contra
1574 539 1650 568 eos

163 589 370 637 movent;
424 586 679 628 Saxonibus
725 598 831 627 vero
883 585 1050 627 acriter
1096 584 1415 626 resistentibus
1466 587 1651 639 portum

164 646 389 688 obtinent.
452 644 547 686 Diu
578 644 745 686 deiude
786 644 908 686 inter
948 657 995 686 se
1037 643 1363 685 dimicantibus
1407 645 1454 685 et
1493 643 1651 684 multis

163 705 271 746 hinc
302 704 410 746 inde
442 703 726 753 cadentibus,
759 703 936 758 placuit
963 703 1170 757 utrisque
1193 702 1276 744 de⁰
1301 715 1412 757 pace
1433 703 1649 748 tractare,

162 763 326 805 foedus
375 762 506 804 inire.
589 758 877 816 Actumque‘1
924 764 993 803 est
1037 762 1202 803 foedus
1250 774 1303 803 eo
1349 762 1508 816 pacto,
1561 773 1651 814 quo

163 822 388 864 haberent
419 821 620 863 Saxones
651 821 881 863 vendendi
911 821 1183 875 emendique
1216 820 1407 876 copiam,
1446 821 1651 862 ceterum

163 881 220 923 ab
261 881 395 935 agris,
444 894 472 922 a
511 881 650 923 caede
690 881 929 922 hominum
970 882 1109 934 atque
1147 879 1311 935 rapina
1350 879 1651 920 abstinerent.

163 940 393 994 Stetitque
451 939 595 981 illude
652 940 817 982 foedus
873 939 1204 981 inviolabiliter
1255 938 1414 980 multis
1474 937 1650 979 diebus.

164 998 370 1053 Cumque
412 998 668 1040 Saxonibus
709 999 953 1041 defecisset
994 998 1201 1054 pecunia,
1246 997 1358 1052 quid
1398 997 1651 1039 venderent

164 1060 246 1099 aut
277 1059 483 1100 emerent
513 1072 606 1099 non
638 1057 931 1107 habentibus,
968 1057 1183 1099 inutilem
1224 1057 1312 1099 sibi
1354 1069 1512 1111 pacem
1554 1068 1651 1097 esse

163 1116 509 1159 arbitrabantur
519 1113 536 1140 f
545 1148 554 1157 .

304 1187 390 1228 Vss
439 1187 506 1228 Ea
545 1187 689 1242 igitur
727 1188 1003 1242 tempestate
1044 1187 1241 1242 contigit
1281 1179 1648 1228 adolescentemh

163 1246 392 1301 quendam
424 1246 581 1300 egredi
613 1246 669 1287 de
701 1245 894 1287 navibus
926 1248 1166 1288 oneratum
1199 1240 1370 1286 multoi
1406 1257 1530 1293 auro,
1562 1245 1653 1285 tor-

163 1319 250 1360 que
282 1318 422 1347 aurea
452 1304 679 1359 simulque
710 1304 903 1346 armillis
935 1305 1098 1347 aureis.
1157 1304 1244 1346 Cui
1273 1303 1434 1346 obvius
1465 1302 1652 1357 quidam

162 1364 520 1418 Thuringorum:
541 1362 679 1415 ‘Quid
699 1363 787 1406 sibi
807 1363 936 1414 vult'‚
957 1359 1155 1418 inquitk‚
1175 1364 1283 1405 ‘tam
1305 1363 1468 1418 ingens
1490 1375 1654 1403 aurum

164 1423 283 1465 circa
328 1425 462 1464 tuum
502 1422 770 1464 famelicum
814 1422 984 1464 collum
1002 1422 1070 1464 152‘
1136 1421 1444 1477 ‘Emptorem’,
1485 1420 1650 1475 inquit,

166 1483 367 1537 ‘quaero;
402 1482 460 1523 ad
491 1481 637 1524 nichil
668 1481 796 1523 aliud
826 1482 953 1523 istud
984 1496 1146 1523 aurum
1169 1477 1364 1536 gero¹·².
1417 1479 1509 1532 Qui
1530 1480 1651 1522 enim

162 1542 285 1583 fame
317 1540 564 1596 periclitor,
598 1555 688 1595 quo
710 1555 821 1583 auro
843 1540 1132 1583 delectermP‘
1182 1542 1246 1582 At
1276 1540 1356 1581 ille
1378 1538 1650 1594 qualitatem

164 1601 563 1655 quantitatemque
609 1600 747 1655 pretii
791 1602 938 1654 rogat.
1003 1599 1238 1650 ‘Nullum',
1286 1599 1451 1653 inquit,
1499 1598 1653 1640 ‘michi

165 1659 294 1709 estn',
329 1659 460 1710 Saxo,
495 1659 751 1701 ‘discrimen
782 1659 831 1700 in
851 1659 1022 1714 pretio:
1056 1658 1274 1713 quicquid
1307 1657 1437 1700 dabis
1469 1659 1653 1712 gratum

163 1718 328 1761 teneo'.
386 1718 475 1760 Ille
505 1721 639 1760 vero⁰
667 1718 908 1760 subridens
941 1717 1302 1760 adolescentem:
1337 1716 1473 1768 ‘Quid
1505 1715 1555 1757 si’
1588 1715 1652 1756 in-

164 1778 278 1832 quit,
312 1776 383 1819 ‘de
405 1777 531 1819 .isto¹‘
558 1777 745 1832 pulvere
777 1777 957 1818 sinumq
993 1777 1082 1819 tibi
1112 1775 1322 1832 inpleo‘?’
1386 1775 1499 1816 Erat
1531 1774 1652 1816 enim

163 1837 212 1878 in
258 1836 463 1891 presenti
508 1836 609 1878 loco
656 1838 814 1890 egesta
854 1836 1021 1877 humus
1061 1835 1273 1891 plurima.
1343 1834 1462 1876 Saxo
1508 1833 1654 1875 nichil

165 1897 408 1939 cunctatus
439 1895 589 1951 aperit
619 1895 769 1937 sinum
792 1897 840 1937 et
864 1895 1060 1950 accipit*
1086 1895 1291 1946 humum,
1317 1893 1516 1948 ilicoque
1536 1892 1654 1933 Thu·

163 1955 296 2008 ringo
316 1954 536 1996 tradidit⁸
566 1967 743 1995 aurum.
791 1954 962 1996 Laetus
993 1956 1188 2008 uterque
1220 1954 1279 1995 ad
1311 1966 1417 1994 suos
1446 1951 1653 2006 repedat.

163 2013 390 2067 Thuringi
420 2013 707 2066 Thuringum
747 2012 963 2055 laudibus
1005 2013 1064 2054 ad
1106 2012 1283 2054 caelum
1316 2011 1493 2053 tollunt
1506 2011 1534 2061 3,
1577 2010 1656 2064 qui

166 2071 311 2113 nobili
356 2071 520 2113 fraude
568 2071 790 2113 Saxonem
835 2072 1082 2126 deceperit,
1126 2071 1508 2124 fortunatumque
1550 2082 1653 2110 eum

165 2131 287 2172 inter
317 2144 473 2172 omnes
505 2127 745 2172 mortalest
773 2130 930 2180 fuisse,
963 2130 1041 2184 qui
1071 2130 1154 2171 vili
1184 2130 1333 2184 pretio
1363 2131 1460 2170 tam
1492 2128 1654 2182 ingens

165 2203 326 2231 aurum
358 2189 625 2244 possederit.
689 2188 905 2231 Ceterum
937 2189 1080 2231 certiu
1107 2189 1163 2230 de
1195 2187 1399 2237 victoria,
1434 2187 1490 2228 de
1523 2186 1656 2228 Saxo-

163 2248 300 2290 nibus
339 2248 432 2290 iam
473 2248 602 2302 quasi
641 2247 1006 2302 triumphabant.
1073 2247 1259 2289 Interea
1290 2246 1408 2288 Saxo
1449 2246 1656 2301 privatus

164 2321 293 2358 auro,
341 2309 558 2349 oneratus
604 2320 710 2349 vero
756 2306 905 2348 multa
950 2307 1110 2356 humo,
1158 2305 1402 2361 appropiat
1447 2303 1655 2346 navibus.

165 2366 308 2408 Sociis
339 2366 484 2421 igitur
514 2365 557 2408 ei
587 2366 934 2408 occurrentibus
976 2368 1024 2408 et
1055 2365 1167 2420 quid
1204 2367 1362 2420 ageret
1394 2362 1656 2405 admiranti-

165 2480 194 2513 τι)
214 2481 269 2507 111.
292 2481 321 2508 C.
394 2481 424 2511 b)
442 2481 535 2506 fuisse
554 2479 632 2507 trad.
652 2481 714 2508 Bl.
732 2481 817 2507 Frut.
890 2482 918 2512 c)
937 2479 956 2505 d
976 2482 1004 2512 (e
1022 2479 1130 2513 deo-ie.)
1150 2480 1184 2506 A.
1258 2479 1288 2512 d)
1307 2480 1348 2504 sic
1366 2479 1392 2504 B
1404 2479 1429 2505 l.
1450 2478 1487 2509 C,·
1507 2477 1657 2509 ictumque

166 2516 234 2549 323
260 2517 433 2548 Initumqne
457 2517 493 2542 A.
518 2516 602 2543 Frue.
711 2517 739 2547 e)
763 2515 837 2542 illud
862 2524 917 2541 om.
944 2516 973 2543 C'.
1082 2515 1106 2546 f)
1129 2511 1291 2541 arbit⁴ntur
1316 2516 1360 2546 A,-
1384 2514 1569 2539 arbitrantur
1593 2512 1659 2540 ΒΞ.

166 2551 198 2584 g)
217 2552 288 2579 1111.
308 2552 338 2579 Ο.
428 2552 460 2582 h)
478 2549 732 2577 adolescentulum
751 2552 813 2579 Bl.
900 2551 923 2584 i)
941 2558 1014 2577 auro
1034 2551 1126 2577 multo
1145 2551 1207 2578 Bl.
1294 2550 1325 2581 k)
1344 2549 1400 2575 sibi
1419 2549 1519 2581 inquit
1537 2548 1604 2573 uult
1622 2548 1658 2574 Δ.

166 2587 187 2615 1)
206 2587 270 2613 fero
288 2587 350 2615 131.
421 2586 462 2618 m)
481 2585 613 2612 delector
631 2594 645 2611 e
662 2594 740 2620 porr.
758 2588 788 2614 G.
860 2588 891 2618 n)
909 2594 982 2612 saxo
1001 2587 1090 2612 michi
1109 2589 1154 2612 est
1172 2587 1234 2611 Bl.
1256 2586 1339 2612 Frue.
1412 2586 1441 2616 o)
1460 2591 1531 2609 vero
1550 2591 1606 2610 om.
1624 2583 1656 2608 G.

166 2622 197 2655 p)
222 2623 300 2648 histo
324 2629 402 2650 corr.
426 2623 482 2648 isto
507 2623 538 2647 0.
649 2622 680 2654 q)
709 2622 764 2647 tibi
779 2622 884 2663 ‘sinum
909 2622 975 2649 Bl.
1084 2623 1111 2655 r)
1139 2622 1255 2653 aceepit
1279 2621 1345 2648 ΒΞ.
1451 2620 1477 2652 s)
1506 2617 1599 2644 tradit
1625 2618 1656 2643 C.

167 2659 190 2689 t)
208 2658 348 2684 mortales
367 2660 435 2690 poet
455 2658 522 2685 add.
541 2658 570 2684 C.
643 2657 676 2690 u)
694 2660 788 2683 ceteri
806 2657 842 2684 A.

169 2751 203 2796 1)
238 2752 396 2788 Juvenal.
429 2751 504 2787 Sat,
538 2751 646 2794 XIV,
682 2763 711 2787 v.
741 2753 828 2787 146:
862 2751 1027 2795 lassoque
1061 2750 1230 2785 famelica
1262 2749 1369 2784 collo.
1428 2747 1503 2783 Ioh.
1533 2746 1658 2787 Bothe,

170 2799 421 2842 ‘Dt'lrinqische
447 2798 623 2833 Chronilc'
651 2799 702 2834 ed.
727 2799 771 2834 R.
797 2799 839 2831 de
863 2798 1067 2832 Lilienoron
1095 2810 1135 2842 p.
1162 2799 1240 2833 106.
1271 2797 1460 2830 convertit:
1480 2793 1566 2828 Was
1590 2793 1658 2827 ssal

169 2843 234 2878 das
258 2845 368 2880 silber
400 2845 457 2880 dir
491 2857 537 2880 an
568 2845 723 2890 deynem
757 2845 984 2890 hungerigen
1018 2844 1137 2879 buche
1171 2841 1371 2888 gehengit?
1490 2842 1528 2887 2)
1562 2841 1659 2874 Nota

169 2892 299 2926 similes
321 2893 506 2929 verborum
530 2895 670 2927 exitus.-
700 2904 829 2927 aurum
856 2913 900 2918 —
926 2892 1082 2935 collum3
1109 2902 1243 2936 quaero
1268 2911 1315 2916 ——
1339 2901 1428 2935 gero
1454 2893 1514 2924 etc.
1561 2888 1660 2922 Haec

170 2949 215 2971 ex
246 2941 402 2974 carmine
434 2941 612 2974 Saccom'co
644 2944 788 2984 sumpta
822 2950 894 2974 esse
926 2940 1112 2974 verisimile
1145 2942 1205 2974 est.
1350 2939 1387 2981 3)
1427 2937 1481 2980 Cf.
1511 2935 1659 2970 Sallust.

172 2985 275 3021 Catil.
300 2997 327 3022 c.
352 2988 419 3023 48:
444 2986 657 3022 Ciceronem
684 2987 730 3021 ad
756 2987 898 3022 caelum
923 2986 1063 3022 tollere.
