<?xml version="1.0" encoding="UTF-8"?>
<!DOCTYPE html PUBLIC "-//W3C//DTD XHTML 1.0 Transitional//EN"
    "http://www.w3.org/TR/xhtml1/DTD/xhtml1-transitional.dtd">
<html xmlns="http://www.w3.org/1999/xhtml" xml:lang="en" lang="en">
 <head>
  <title>
</title>
<meta http-equiv="Content-Type" content="text/html;charset=utf-8" />
  <meta name='ocr-system' content='tesseract 3.04.00' />
  <meta name='ocr-capabilities' content='ocr_page ocr_carea ocr_par ocr_line ocrx_word'/>
</head>
<body>
  <div class='ocr_page' id='page_1' title='image "./rerumgestarumsax00widuuoft_0163.png"; bbox 0 0 2034 3380; ppageno 0'>
   <div class='ocr_carea' id='block_1_1' title="bbox 0 930 179 963">
    <p class='ocr_par' dir='ltr' id='par_1_1' title="bbox 0 930 179 963">
     <span class='ocr_line' id='line_1_1' title="bbox 0 930 179 963; baseline -0.006 -3"><span class='ocrx_word' id='word_1_1' title='bbox 0 931 2 933; x_wconf 72' lang='grc'><strong><em>’</em></strong></span> <span class='ocrx_word' id='word_1_2' title='bbox 61 930 107 963; x_wconf 60' lang='grc'>*9.</span> <span class='ocrx_word' id='word_1_3' title='bbox 116 932 179 959; x_wconf 81' lang='grc'><strong>466.</strong></span> 
     </span>
    </p>
   </div>
   <div class='ocr_carea' id='block_1_2' title="bbox 394 324 1693 364">
    <p class='ocr_par' dir='ltr' id='par_1_2' title="bbox 394 324 1693 364">
     <span class='ocr_line' id='line_1_2' title="bbox 394 324 1693 364; baseline 0 0"><span class='ocrx_word' id='word_1_4' title='bbox 394 328 579 364; x_wconf 83' lang='lat' dir='ltr'>RERUM</span> <span class='ocrx_word' id='word_1_5' title='bbox 603 324 884 363; x_wconf 78' lang='lat' dir='ltr'><strong>GESTARUM</strong></span> <span class='ocrx_word' id='word_1_6' title='bbox 907 325 1283 362; x_wconf 86' lang='lat' dir='ltr'><strong>SAXONIOARUM</strong></span> <span class='ocrx_word' id='word_1_7' title='bbox 1307 326 1404 362; x_wconf 82' lang='lat' dir='ltr'><strong>LIB.</strong></span> <span class='ocrx_word' id='word_1_8' title='bbox 1427 326 1502 363; x_wconf 82' lang='lat' dir='ltr'>HI.</span> <span class='ocrx_word' id='word_1_9' title='bbox 1624 330 1693 364; x_wconf 83' lang='lat'>125</span> 
     </span>
    </p>
   </div>
   <div class='ocr_carea' id='block_1_3' title="bbox 203 447 1850 2437">
    <p class='ocr_par' dir='ltr' id='par_1_3' title="bbox 203 447 1850 2437">
     <span class='ocr_line' id='line_1_3' title="bbox 205 447 1786 502; baseline 0.001 -13"><span class='ocrx_word' id='word_1_10' title='bbox 205 448 382 490; x_wconf 82' lang='lat' dir='ltr'>foribus</span> <span class='ocrx_word' id='word_1_11' title='bbox 429 451 476 491; x_wconf 92' lang='lat' dir='ltr'>et</span> <span class='ocrx_word' id='word_1_12' title='bbox 520 449 569 490; x_wconf 89' lang='lat' dir='ltr'>in</span> <span class='ocrx_word' id='word_1_13' title='bbox 614 448 689 489; x_wconf 89' lang='lat' dir='ltr'>via</span> <span class='ocrx_word' id='word_1_14' title='bbox 727 447 1000 488; x_wconf 79' lang='lat' dir='ltr'>triformiter</span> <span class='ocrx_word' id='word_1_15' title='bbox 1040 447 1326 496; x_wconf 86' lang='lat' dir='ltr'>constitutis,</span> <span class='ocrx_word' id='word_1_16' title='bbox 1369 449 1448 502; x_wconf 91' lang='lat' dir='ltr'>qui</span> <span class='ocrx_word' id='word_1_17' title='bbox 1489 448 1691 490; x_wconf 85' lang='lat' dir='ltr'>divinam</span> <span class='ocrx_word' id='word_1_18' title='bbox 1705 457 1786 492; x_wconf 87' lang='lat'>968.</span> 
     </span>
     <span class='ocr_line' id='line_1_4' title="bbox 207 505 1691 560; baseline 0 -12"><span class='ocrx_word' id='word_1_19' title='bbox 207 507 499 549; x_wconf 85' lang='lat' dir='ltr'>clementiam</span> <span class='ocrx_word' id='word_1_20' title='bbox 545 507 790 548; x_wconf 87' lang='lat' dir='ltr'>laudarent</span> <span class='ocrx_word' id='word_1_21' title='bbox 841 507 979 559; x_wconf 89' lang='lat' dir='ltr'>atque</span> <span class='ocrx_word' id='word_1_22' title='bbox 1030 505 1376 556; x_wconf 88' lang='lat' dir='ltr'>benedicerent;</span> <span class='ocrx_word' id='word_1_23' title='bbox 1423 507 1524 560; x_wconf 86' lang='lat' dir='ltr'>ipsa</span> <span class='ocrx_word' id='word_1_24' title='bbox 1569 507 1691 548; x_wconf 84' lang='lat' dir='ltr'>intra</span> 
     </span>
     <span class='ocr_line' id='line_1_5' title="bbox 207 564 1692 619; baseline -0.001 -11"><span class='ocrx_word' id='word_1_25' title='bbox 207 566 447 608; x_wconf 83' lang='lat' dir='ltr'>ecelesiam</span> <span class='ocrx_word' id='word_1_26' title='bbox 477 566 527 607; x_wconf 91' lang='lat' dir='ltr'>in</span> <span class='ocrx_word' id='word_1_27' title='bbox 547 565 718 619; x_wconf 89' lang='lat' dir='ltr'>vigiliis</span> <span class='ocrx_word' id='word_1_28' title='bbox 750 567 797 606; x_wconf 89' lang='lat' dir='ltr'>et</span> <span class='ocrx_word' id='word_1_29' title='bbox 828 564 1113 605; x_wconf 85' lang='lat' dir='ltr'>orationibus</span> <span class='ocrx_word' id='word_1_30' title='bbox 1135 578 1429 618; x_wconf 88' lang='lat' dir='ltr'>perseverans</span> <span class='ocrx_word' id='word_1_31' title='bbox 1452 565 1692 607; x_wconf 87' lang='lat' dir='ltr'>missarum</span> 
     </span>
     <span class='ocr_line' id='line_1_6' title="bbox 206 622 1692 680; baseline -0.001 -14"><span class='ocrx_word' id='word_1_32' title='bbox 206 624 476 680; x_wconf 90' lang='lat' dir='ltr'>sollempnia</span> <span class='ocrx_word' id='word_1_33' title='bbox 536 623 821 678; x_wconf 86' lang='lat' dir='ltr'>expectabat.</span> <span class='ocrx_word' id='word_1_34' title='bbox 914 622 1092 664; x_wconf 84' lang='lat' dir='ltr'>Deinde</span> <span class='ocrx_word' id='word_1_35' title='bbox 1152 623 1356 664; x_wconf 88' lang='lat' dir='ltr'>infirmos</span> <span class='ocrx_word' id='word_1_36' title='bbox 1415 623 1692 678; x_wconf 88' lang='lat' dir='ltr'>ubicumque</span> 
     </span>
     <span class='ocr_line' id='line_1_7' title="bbox 207 682 1692 736; baseline 0 -12"><span class='ocrx_word' id='word_1_37' title='bbox 207 683 385 724; x_wconf 84' lang='lat' dir='ltr'>audivit</span> <span class='ocrx_word' id='word_1_38' title='bbox 423 683 472 724; x_wconf 90' lang='lat' dir='ltr'>in</span> <span class='ocrx_word' id='word_1_39' title='bbox 512 683 663 724; x_wconf 88' lang='lat' dir='ltr'>vicino</span> <span class='ocrx_word' id='word_1_40' title='bbox 703 682 926 732; x_wconf 85' lang='lat' dir='ltr'>visitavit,</span> <span class='ocrx_word' id='word_1_41' title='bbox 974 682 1231 723; x_wconf 86' lang='lat' dir='ltr'>necessaria</span> <span class='ocrx_word' id='word_1_42' title='bbox 1270 682 1476 736; x_wconf 87' lang='lat' dir='ltr'>prebuit;</span> <span class='ocrx_word' id='word_1_43' title='bbox 1527 683 1692 724; x_wconf 90' lang='lat' dir='ltr'>deinde</span> 
     </span>
     <span class='ocr_line' id='line_1_8' title="bbox 206 740 1694 796; baseline 0 -14"><span class='ocrx_word' id='word_1_44' title='bbox 206 741 484 796; x_wconf 77' lang='lat' dir='ltr'>pauperibus</span> <span class='ocrx_word' id='word_1_45' title='bbox 510 755 694 782; x_wconf 89' lang='lat' dir='ltr'>manum</span> <span class='ocrx_word' id='word_1_46' title='bbox 722 740 944 795; x_wconf 86' lang='lat' dir='ltr'>porrexit;</span> <span class='ocrx_word' id='word_1_47' title='bbox 979 740 1144 783; x_wconf 88' lang='lat' dir='ltr'>deinde</span> <span class='ocrx_word' id='word_1_48' title='bbox 1166 741 1383 795; x_wconf 88' lang='lat' dir='ltr'>hospites,</span> <span class='ocrx_word' id='word_1_49' title='bbox 1410 741 1489 795; x_wconf 87' lang='lat' dir='ltr'>qui</span> <span class='ocrx_word' id='word_1_50' title='bbox 1515 754 1694 795; x_wconf 84' lang='lat' dir='ltr'>semper</span> 
     </span>
     <span class='ocr_line' id='line_1_9' title="bbox 206 799 1692 854; baseline 0.001 -13"><span class='ocrx_word' id='word_1_51' title='bbox 206 800 418 850; x_wconf 85' lang='lat' dir='ltr'>aderant,</span> <span class='ocrx_word' id='word_1_52' title='bbox 467 814 571 842; x_wconf 92' lang='lat' dir='ltr'>cum</span> <span class='ocrx_word' id='word_1_53' title='bbox 618 800 742 841; x_wconf 91' lang='lat' dir='ltr'>omni</span> <span class='ocrx_word' id='word_1_54' title='bbox 787 799 1004 854; x_wconf 89' lang='lat' dir='ltr'>largitate</span> <span class='ocrx_word' id='word_1_55' title='bbox 1051 799 1272 854; x_wconf 89' lang='lat' dir='ltr'>suscepit;</span> <span class='ocrx_word' id='word_1_56' title='bbox 1320 800 1550 842; x_wconf 88' lang='lat' dir='ltr'>neminem</span> <span class='ocrx_word' id='word_1_57' title='bbox 1595 801 1692 842; x_wconf 92' lang='lat' dir='ltr'>sine</span> 
     </span>
     <span class='ocr_line' id='line_1_10' title="bbox 205 858 1693 908; baseline -0.001 -8"><span class='ocrx_word' id='word_1_58' title='bbox 205 858 353 900; x_wconf 86' lang='lat' dir='ltr'>affatu</span> <span class='ocrx_word' id='word_1_59' title='bbox 384 858 554 900; x_wconf 89' lang='lat' dir='ltr'>blando</span> <span class='ocrx_word' id='word_1_60' title='bbox 586 858 773 908; x_wconf 89' lang='lat' dir='ltr'>dimisit,</span> <span class='ocrx_word' id='word_1_61' title='bbox 805 858 985 898; x_wconf 90' lang='lat' dir='ltr'>nullum</span> <span class='ocrx_word' id='word_1_62' title='bbox 1015 858 1142 900; x_wconf 73' lang='lat' dir='ltr'>ferea</span> <span class='ocrx_word' id='word_1_63' title='bbox 1176 859 1272 900; x_wconf 92' lang='lat' dir='ltr'>sine</span> <span class='ocrx_word' id='word_1_64' title='bbox 1304 858 1588 900; x_wconf 81' lang='lat' dir='ltr'><strong>munusculis</strong></span> <span class='ocrx_word' id='word_1_65' title='bbox 1618 859 1693 900; x_wconf 86' lang='lat' dir='ltr'>vel</span> 
     </span>
     <span class='ocr_line' id='line_1_11' title="bbox 206 917 1693 972; baseline 0 -14"><span class='ocrx_word' id='word_1_66' title='bbox 206 917 495 959; x_wconf 80' lang='lat' dir='ltr'>necessariis*</span> <span class='ocrx_word' id='word_1_67' title='bbox 528 917 805 959; x_wconf 87' lang='lat' dir='ltr'>adiumentis</span> <span class='ocrx_word' id='word_1_68' title='bbox 836 930 1031 958; x_wconf 89' lang='lat' dir='ltr'>vacuum</span> <span class='ocrx_word' id='word_1_69' title='bbox 1070 917 1273 971; x_wconf 86' lang='lat' dir='ltr'>reliquit.</span> <span class='ocrx_word' id='word_1_70' title='bbox 1337 917 1482 972; x_wconf 81' lang='lat' dir='ltr'>Saepe</span> <span class='ocrx_word' id='word_1_71' title='bbox 1511 917 1693 959; x_wconf 85' lang='lat' dir='ltr'>viatori-</span> 
     </span>
     <span class='ocr_line' id='line_1_12' title="bbox 207 975 1691 1030; baseline 0 -13"><span class='ocrx_word' id='word_1_72' title='bbox 207 976 305 1025; x_wconf 84' lang='lat' dir='ltr'>bus,</span> <span class='ocrx_word' id='word_1_73' title='bbox 338 990 450 1030; x_wconf 92' lang='lat' dir='ltr'>quos</span> <span class='ocrx_word' id='word_1_74' title='bbox 490 976 672 1030; x_wconf 87' lang='lat' dir='ltr'>longius</span> <span class='ocrx_word' id='word_1_75' title='bbox 712 976 770 1017; x_wconf 92' lang='lat' dir='ltr'>de</span> <span class='ocrx_word' id='word_1_76' title='bbox 810 975 927 1017; x_wconf 91' lang='lat' dir='ltr'>cella</span> <span class='ocrx_word' id='word_1_77' title='bbox 966 977 1211 1030; x_wconf 80' lang='lat' dir='ltr'>prospexit,</span> <span class='ocrx_word' id='word_1_78' title='bbox 1254 976 1511 1017; x_wconf 89' lang='lat' dir='ltr'>necessaria</span> <span class='ocrx_word' id='word_1_79' title='bbox 1548 978 1691 1017; x_wconf 89' lang='lat' dir='ltr'>trans-</span> 
     </span>
     <span class='ocr_line' id='line_1_13' title="bbox 207 1034 1691 1089; baseline 0.001 -14"><span class='ocrx_word' id='word_1_80' title='bbox 207 1035 344 1076; x_wconf 90' lang='lat' dir='ltr'>misit.</span> <span class='ocrx_word' id='word_1_81' title='bbox 427 1035 558 1076; x_wconf 87' lang='lat' dir='ltr'>Talia</span> <span class='ocrx_word' id='word_1_82' title='bbox 608 1048 746 1089; x_wconf 88' lang='lat' dir='ltr'>opera</span> <span class='ocrx_word' id='word_1_83' title='bbox 795 1034 906 1076; x_wconf 88' lang='lat' dir='ltr'>licet</span> <span class='ocrx_word' id='word_1_84' title='bbox 950 1034 1085 1076; x_wconf 85' lang='lat' dir='ltr'>valde</span> <span class='ocrx_word' id='word_1_85' title='bbox 1137 1034 1376 1076; x_wconf 92' lang='lat' dir='ltr'>humiliter</span> <span class='ocrx_word' id='word_1_86' title='bbox 1427 1035 1588 1076; x_wconf 87' lang='lat' dir='ltr'>diebus</span> <span class='ocrx_word' id='word_1_87' title='bbox 1640 1049 1691 1076; x_wconf 84' lang='lat' dir='ltr'>ac</span> 
     </span>
     <span class='ocr_line' id='line_1_14' title="bbox 206 1093 1692 1148; baseline 0.001 -14"><span class='ocrx_word' id='word_1_88' title='bbox 206 1093 420 1135; x_wconf 86' lang='lat' dir='ltr'>noctibus</span> <span class='ocrx_word' id='word_1_89' title='bbox 476 1096 728 1143; x_wconf 85' lang='lat' dir='ltr'>exerceret,</span> <span class='ocrx_word' id='word_1_90' title='bbox 790 1096 947 1134; x_wconf 88' lang='lat' dir='ltr'>tamen</span> <span class='ocrx_word' id='word_1_91' title='bbox 1007 1093 1152 1134; x_wconf 86' lang='lat' dir='ltr'>nichil</span> <span class='ocrx_word' id='word_1_92' title='bbox 1213 1094 1270 1135; x_wconf 89' lang='lat' dir='ltr'>de</span> <span class='ocrx_word' id='word_1_93' title='bbox 1332 1094 1504 1134; x_wconf 85' lang='lat' dir='ltr'>honore</span> <span class='ocrx_word' id='word_1_94' title='bbox 1565 1094 1692 1148; x_wconf 88' lang='lat' dir='ltr'>regio</span> 
     </span>
     <span class='ocr_line' id='line_1_15' title="bbox 206 1151 1692 1206; baseline 0 -14"><span class='ocrx_word' id='word_1_95' title='bbox 206 1152 465 1202; x_wconf 87' lang='lat' dir='ltr'>minuebat;</span> <span class='ocrx_word' id='word_1_96' title='bbox 506 1154 553 1194; x_wconf 91' lang='lat' dir='ltr'>et</span> <span class='ocrx_word' id='word_1_97' title='bbox 585 1152 704 1193; x_wconf 90' lang='lat' dir='ltr'>sicut</span> <span class='ocrx_word' id='word_1_98' title='bbox 735 1152 954 1206; x_wconf 86' lang='lat' dir='ltr'>scriptum</span> <span class='ocrx_word' id='word_1_99' title='bbox 988 1154 1057 1193; x_wconf 91' lang='lat' dir='ltr'>est</span> <span class='ocrx_word' id='word_1_100' title='bbox 1071 1151 1098 1201; x_wconf 81' lang='lat'>¹,</span> <span class='ocrx_word' id='word_1_101' title='bbox 1132 1152 1338 1206; x_wconf 87' lang='lat' dir='ltr'>quamvis</span> <span class='ocrx_word' id='word_1_102' title='bbox 1369 1153 1550 1194; x_wconf 88' lang='lat' dir='ltr'>sederet</span> <span class='ocrx_word' id='word_1_103' title='bbox 1579 1154 1692 1193; x_wconf 89' lang='lat' dir='ltr'>tam-</span> 
     </span>
     <span class='ocr_line' id='line_1_16' title="bbox 206 1206 1720 1265; baseline 0.001 -14"><span class='ocrx_word' id='word_1_104' title='bbox 206 1224 340 1264; x_wconf 90' lang='lat' dir='ltr'>quam</span> <span class='ocrx_word' id='word_1_105' title='bbox 388 1206 573 1264; x_wconf 76' lang='lat' dir='ltr'>reginab</span> <span class='ocrx_word' id='word_1_106' title='bbox 620 1211 944 1252; x_wconf 72' lang='lat' dir='ltr'>circumstante</span> <span class='ocrx_word' id='word_1_107' title='bbox 990 1211 1175 1265; x_wconf 91' lang='lat' dir='ltr'>populo,</span> <span class='ocrx_word' id='word_1_108' title='bbox 1218 1224 1395 1265; x_wconf 87' lang='lat' dir='ltr'>semper</span> <span class='ocrx_word' id='word_1_109' title='bbox 1435 1213 1483 1252; x_wconf 87' lang='lat' dir='ltr'>et</span> <span class='ocrx_word' id='word_1_110' title='bbox 1522 1207 1720 1264; x_wconf 80' lang='lat' dir='ltr'>ubique</span> 
     </span>
     <span class='ocr_line' id='line_1_17' title="bbox 204 1269 1692 1311; baseline 0 -1"><span class='ocrx_word' id='word_1_111' title='bbox 204 1271 361 1310; x_wconf 82' lang='lat' dir='ltr'>tamen</span> <span class='ocrx_word' id='word_1_112' title='bbox 394 1271 494 1311; x_wconf 91' lang='lat' dir='ltr'>erat</span> <span class='ocrx_word' id='word_1_113' title='bbox 525 1269 827 1310; x_wconf 87' lang='lat' dir='ltr'>moerentium</span> <span class='ocrx_word' id='word_1_114' title='bbox 860 1269 1151 1310; x_wconf 74' lang='lat' dir='ltr'>consolatrix.</span> <span class='ocrx_word' id='word_1_115' title='bbox 1214 1269 1502 1311; x_wconf 85' lang='lat' dir='ltr'>Domesticos</span> <span class='ocrx_word' id='word_1_116' title='bbox 1535 1283 1692 1311; x_wconf 89' lang='lat' dir='ltr'>omnes</span> 
     </span>
     <span class='ocr_line' id='line_1_18' title="bbox 203 1327 1692 1382; baseline 0 -14"><span class='ocrx_word' id='word_1_117' title='bbox 203 1327 404 1369; x_wconf 84' lang='lat' dir='ltr'>famulos</span> <span class='ocrx_word' id='word_1_118' title='bbox 445 1329 492 1369; x_wconf 90' lang='lat' dir='ltr'>et</span> <span class='ocrx_word' id='word_1_119' title='bbox 538 1327 729 1369; x_wconf 80' lang='lat' dir='ltr'>ancillas</span> <span class='ocrx_word' id='word_1_120' title='bbox 768 1328 906 1369; x_wconf 85' lang='lat' dir='ltr'>variis</span> <span class='ocrx_word' id='word_1_121' title='bbox 953 1327 1149 1377; x_wconf 85' lang='lat' dir='ltr'>artibus,</span> <span class='ocrx_word' id='word_1_122' title='bbox 1197 1327 1365 1370; x_wconf 88' lang='lat' dir='ltr'>litteris</span> <span class='ocrx_word' id='word_1_123' title='bbox 1406 1341 1586 1382; x_wconf 89' lang='lat' dir='ltr'>quoque</span> <span class='ocrx_word' id='word_1_124' title='bbox 1628 1328 1692 1368; x_wconf 88' lang='lat' dir='ltr'>in-</span> 
     </span>
     <span class='ocr_line' id='line_1_19' title="bbox 205 1386 1692 1441; baseline 0 -14"><span class='ocrx_word' id='word_1_125' title='bbox 205 1387 380 1435; x_wconf 89' lang='lat' dir='ltr'>stituit;</span> <span class='ocrx_word' id='word_1_126' title='bbox 422 1400 528 1427; x_wconf 87' lang='lat' dir='ltr'>nam</span> <span class='ocrx_word' id='word_1_127' title='bbox 570 1388 618 1428; x_wconf 90' lang='lat' dir='ltr'>et</span> <span class='ocrx_word' id='word_1_128' title='bbox 657 1387 756 1441; x_wconf 85' lang='lat' dir='ltr'>ipsa</span> <span class='ocrx_word' id='word_1_129' title='bbox 797 1386 977 1428; x_wconf 86' lang='lat' dir='ltr'>litteras</span> <span class='ocrx_word' id='word_1_130' title='bbox 1016 1387 1158 1437; x_wconf 88' lang='lat' dir='ltr'>novit,</span> <span class='ocrx_word' id='word_1_131' title='bbox 1200 1400 1312 1440; x_wconf 87' lang='lat' dir='ltr'>quas</span> <span class='ocrx_word' id='word_1_132' title='bbox 1353 1389 1457 1441; x_wconf 88' lang='lat' dir='ltr'>post</span> <span class='ocrx_word' id='word_1_133' title='bbox 1496 1389 1692 1428; x_wconf 90' lang='lat' dir='ltr'>mortem</span> 
     </span>
     <span class='ocr_line' id='line_1_20' title="bbox 205 1444 1692 1500; baseline 0.001 -15"><span class='ocrx_word' id='word_1_134' title='bbox 205 1445 325 1498; x_wconf 89' lang='lat' dir='ltr'>regis</span> <span class='ocrx_word' id='word_1_135' title='bbox 355 1445 509 1486; x_wconf 90' lang='lat' dir='ltr'>lucide</span> <span class='ocrx_word' id='word_1_136' title='bbox 541 1445 652 1487; x_wconf 90' lang='lat' dir='ltr'>satis</span> <span class='ocrx_word' id='word_1_137' title='bbox 684 1445 847 1486; x_wconf 89' lang='lat' dir='ltr'>didicit</span> <span class='ocrx_word' id='word_1_138' title='bbox 861 1445 888 1485; x_wconf 80' lang='lat'>2.</span> <span class='ocrx_word' id='word_1_139' title='bbox 951 1444 1073 1500; x_wconf 84' lang='lat' dir='ltr'>Ergo</span> <span class='ocrx_word' id='word_1_140' title='bbox 1105 1446 1143 1486; x_wconf 93' lang='lat' dir='ltr'>si</span> <span class='ocrx_word' id='word_1_141' title='bbox 1175 1459 1331 1487; x_wconf 91' lang='lat' dir='ltr'>omnes</span> <span class='ocrx_word' id='word_1_142' title='bbox 1362 1446 1558 1487; x_wconf 90' lang='lat' dir='ltr'>virtutes</span> <span class='ocrx_word' id='word_1_143' title='bbox 1595 1445 1692 1487; x_wconf 91' lang='lat' dir='ltr'>eius</span> 
     </span>
     <span class='ocr_line' id='line_1_21' title="bbox 205 1503 1692 1554; baseline 0 -10"><span class='ocrx_word' id='word_1_144' title='bbox 205 1503 343 1544; x_wconf 86' lang='lat' dir='ltr'>velim</span> <span class='ocrx_word' id='word_1_145' title='bbox 388 1517 595 1554; x_wconf 83' lang='lat' dir='ltr'>narrare,</span> <span class='ocrx_word' id='word_1_146' title='bbox 643 1504 758 1545; x_wconf 89' lang='lat' dir='ltr'>hora</span> <span class='ocrx_word' id='word_1_147' title='bbox 803 1504 1039 1554; x_wconf 85' lang='lat' dir='ltr'>deficeret;</span> <span class='ocrx_word' id='word_1_148' title='bbox 1087 1504 1308 1546; x_wconf 79' lang='lat' dir='ltr'>facundia</span> <span class='ocrx_word' id='word_1_149' title='bbox 1354 1504 1572 1546; x_wconf 77' lang='lat' dir='ltr'>Homeri0</span> <span class='ocrx_word' id='word_1_150' title='bbox 1618 1504 1692 1546; x_wconf 88' lang='lat' dir='ltr'>vel</span> 
     </span>
     <span class='ocr_line' id='line_1_22' title="bbox 205 1558 1692 1617; baseline 0.001 -15"><span class='ocrx_word' id='word_1_151' title='bbox 205 1561 408 1603; x_wconf 88' lang='lat' dir='ltr'>Maronis</span> <span class='ocrx_word' id='word_1_152' title='bbox 463 1558 632 1603; x_wconf 81' lang='lat' dir='ltr'>michi‘¹</span> <span class='ocrx_word' id='word_1_153' title='bbox 686 1563 723 1604; x_wconf 93' lang='lat' dir='ltr'>si</span> <span class='ocrx_word' id='word_1_154' title='bbox 779 1563 980 1612; x_wconf 87' lang='lat' dir='ltr'>adesset,</span> <span class='ocrx_word' id='word_1_155' title='bbox 1036 1576 1129 1603; x_wconf 88' lang='lat' dir='ltr'>non</span> <span class='ocrx_word' id='word_1_156' title='bbox 1181 1563 1415 1604; x_wconf 81' lang='lat' dir='ltr'>sufficeret</span> <span class='ocrx_word' id='word_1_157' title='bbox 1429 1563 1457 1602; x_wconf 83' lang='lat'>³.</span> <span class='ocrx_word' id='word_1_158' title='bbox 1540 1563 1692 1617; x_wconf 90' lang='lat' dir='ltr'>Igitur</span> 
     </span>
     <span class='ocr_line' id='line_1_23' title="bbox 205 1619 1691 1675; baseline 0.001 -15"><span class='ocrx_word' id='word_1_159' title='bbox 205 1619 343 1674; x_wconf 92' lang='lat' dir='ltr'>plena</span> <span class='ocrx_word' id='word_1_160' title='bbox 374 1620 563 1670; x_wconf 90' lang='lat' dir='ltr'>dierum,</span> <span class='ocrx_word' id='word_1_161' title='bbox 596 1620 734 1675; x_wconf 88' lang='lat' dir='ltr'>plena</span> <span class='ocrx_word' id='word_1_162' title='bbox 764 1621 889 1662; x_wconf 91' lang='lat' dir='ltr'>omni</span> <span class='ocrx_word' id='word_1_163' title='bbox 919 1621 1104 1671; x_wconf 86' lang='lat' dir='ltr'>honore,</span> <span class='ocrx_word' id='word_1_164' title='bbox 1146 1621 1284 1675; x_wconf 90' lang='lat' dir='ltr'>plena</span> <span class='ocrx_word' id='word_1_165' title='bbox 1314 1621 1528 1675; x_wconf 87' lang='lat' dir='ltr'>operibus</span> <span class='ocrx_word' id='word_1_166' title='bbox 1559 1622 1691 1662; x_wconf 89' lang='lat' dir='ltr'>bonis</span> 
     </span>
     <span class='ocr_line' id='line_1_24' title="bbox 206 1679 1691 1734; baseline 0.001 -14"><span class='ocrx_word' id='word_1_167' title='bbox 206 1681 254 1720; x_wconf 86' lang='lat' dir='ltr'>et</span> <span class='ocrx_word' id='word_1_168' title='bbox 285 1679 588 1726; x_wconf 64' lang='grc' dir='ltr'><strong>θΙθιιιοεὶιιίεθ,</strong></span> <span class='ocrx_word' id='word_1_169' title='bbox 623 1679 800 1721; x_wconf 90' lang='lat' dir='ltr'>cunctis</span> <span class='ocrx_word' id='word_1_170' title='bbox 824 1679 996 1720; x_wconf 90' lang='lat' dir='ltr'>divitiis</span> <span class='ocrx_word' id='word_1_171' title='bbox 1016 1679 1248 1734; x_wconf 87' lang='lat' dir='ltr'>regalibus</span> <span class='ocrx_word' id='word_1_172' title='bbox 1270 1680 1528 1721; x_wconf 88' lang='lat' dir='ltr'>distributis</span> <span class='ocrx_word' id='word_1_173' title='bbox 1551 1680 1691 1721; x_wconf 89' lang='lat' dir='ltr'>servis</span> 
     </span>
     <span class='ocr_line' id='line_1_25' title="bbox 206 1731 1849 1793; baseline 0.001 -15"><span class='ocrx_word' id='word_1_174' title='bbox 206 1737 295 1779; x_wconf 90' lang='lat' dir='ltr'>Dei</span> <span class='ocrx_word' id='word_1_175' title='bbox 335 1731 382 1779; x_wconf 86' lang='lat' dir='ltr'>et</span> <span class='ocrx_word' id='word_1_176' title='bbox 423 1737 604 1779; x_wconf 89' lang='lat' dir='ltr'>ancillis</span> <span class='ocrx_word' id='word_1_177' title='bbox 644 1751 696 1779; x_wconf 89' lang='lat' dir='ltr'>ac</span> <span class='ocrx_word' id='word_1_178' title='bbox 742 1738 1033 1793; x_wconf 87' lang='lat' dir='ltr'>pauperibus,</span> <span class='ocrx_word' id='word_1_179' title='bbox 1081 1734 1310 1780; x_wconf 82' lang='lat' dir='ltr'>secundof</span> <span class='ocrx_word' id='word_1_180' title='bbox 1347 1738 1459 1780; x_wconf 90' lang='lat' dir='ltr'>Idus</span> <span class='ocrx_word' id='word_1_181' title='bbox 1499 1739 1691 1780; x_wconf 88' lang='lat' dir='ltr'>Martias</span> <span class='ocrx_word' id='word_1_182' title='bbox 1706 1755 1795 1783; x_wconf 69' lang='lat' dir='ltr'>Mart</span> <span class='ocrx_word' id='word_1_183' title='bbox 1805 1755 1849 1783; x_wconf 83' lang='lat'>14.</span> 
     </span>
     <span class='ocr_line' id='line_1_26' title="bbox 205 1795 1691 1865; baseline 0.002 -29"><span class='ocrx_word' id='word_1_184' title='bbox 205 1796 404 1836; x_wconf 87' lang='lat' dir='ltr'>animam</span> <span class='ocrx_word' id='word_1_185' title='bbox 437 1795 622 1838; x_wconf 87' lang='lat' dir='ltr'>Christo</span> <span class='ocrx_word' id='word_1_186' title='bbox 652 1796 901 1838; x_wconf 70' lang='lat' dir='ltr'>reddidit-⁶3.</span> <span class='ocrx_word' id='word_1_187' title='bbox 973 1797 1063 1838; x_wconf 91' lang='lat' dir='ltr'>Illo</span> <span class='ocrx_word' id='word_1_188' title='bbox 1097 1811 1276 1851; x_wconf 90' lang='lat' dir='ltr'>quoque</span> <span class='ocrx_word' id='word_1_189' title='bbox 1317 1800 1522 1865; x_wconf 80' lang='lat' dir='ltr'>tempore</span> <span class='ocrx_word' id='word_1_190' title='bbox 1555 1797 1691 1839; x_wconf 90' lang='lat' dir='ltr'>Bern-</span> 
     </span>
     <span class='ocr_line' id='line_1_27' title="bbox 205 1855 1692 1911; baseline 0.002 -16"><span class='ocrx_word' id='word_1_191' title='bbox 205 1855 390 1903; x_wconf 89' lang='lat' dir='ltr'>hardus,</span> <span class='ocrx_word' id='word_1_192' title='bbox 418 1856 473 1896; x_wconf 90' lang='lat' dir='ltr'>ut</span> <span class='ocrx_word' id='word_1_193' title='bbox 504 1855 561 1896; x_wconf 88' lang='lat' dir='ltr'>ab</span> <span class='ocrx_word' id='word_1_194' title='bbox 593 1855 719 1896; x_wconf 89' lang='lat' dir='ltr'>omni</span> <span class='ocrx_word' id='word_1_195' title='bbox 740 1855 911 1910; x_wconf 91' lang='lat' dir='ltr'>populo</span> <span class='ocrx_word' id='word_1_196' title='bbox 932 1855 1269 1910; x_wconf 86' lang='lat' dir='ltr'>predicabatur,</span> <span class='ocrx_word' id='word_1_197' title='bbox 1293 1856 1386 1897; x_wconf 92' lang='lat' dir='ltr'>suis</span> <span class='ocrx_word' id='word_1_198' title='bbox 1405 1857 1692 1911; x_wconf 88' lang='lat' dir='ltr'>temporibus</span> 
     </span>
     <span class='ocr_line' id='line_1_28' title="bbox 205 1910 1850 1968; baseline 0.001 -14"><span class='ocrx_word' id='word_1_199' title='bbox 205 1913 460 1954; x_wconf 88' lang='lat' dir='ltr'>sacerdotio</span> <span class='ocrx_word' id='word_1_200' title='bbox 492 1913 798 1968; x_wconf 87' lang='lat' dir='ltr'>dignissimus,</span> <span class='ocrx_word' id='word_1_201' title='bbox 832 1914 953 1956; x_wconf 90' lang='lat' dir='ltr'>diem</span> <span class='ocrx_word' id='word_1_202' title='bbox 983 1910 1167 1955; x_wconf 82' lang='lat' dir='ltr'>funxith</span> <span class='ocrx_word' id='word_1_203' title='bbox 1204 1914 1500 1956; x_wconf 79' lang='lat' dir='ltr'>extremum4.</span> <span class='ocrx_word' id='word_1_204' title='bbox 1561 1916 1691 1956; x_wconf 85' lang='lat' dir='ltr'>Piam</span> <span class='ocrx_word' id='word_1_205' title='bbox 1704 1931 1800 1961; x_wconf 78' lang='lat' dir='ltr'>(Febr.</span> <span class='ocrx_word' id='word_1_206' title='bbox 1811 1931 1850 1962; x_wconf 81' lang='lat'>3).</span> 
     </span>
     <span class='ocr_line' id='line_1_29' title="bbox 204 1971 1690 2028; baseline 0.002 -16"><span class='ocrx_word' id='word_1_207' title='bbox 204 1971 377 2012; x_wconf 82' lang='lat' dir='ltr'>famam</span> <span class='ocrx_word' id='word_1_208' title='bbox 417 1985 553 2026; x_wconf 88' lang='lat' dir='ltr'>super</span> <span class='ocrx_word' id='word_1_209' title='bbox 594 1972 665 2013; x_wconf 91' lang='lat' dir='ltr'>his</span> <span class='ocrx_word' id='word_1_210' title='bbox 705 1986 839 2014; x_wconf 91' lang='lat' dir='ltr'>nemo</span> <span class='ocrx_word' id='word_1_211' title='bbox 878 1986 961 2014; x_wconf 89' lang='lat' dir='ltr'>nos</span> <span class='ocrx_word' id='word_1_212' title='bbox 1000 1973 1232 2028; x_wconf 85' lang='lat' dir='ltr'>vituperet</span> <span class='ocrx_word' id='word_1_213' title='bbox 1271 1974 1538 2028; x_wconf 89' lang='lat' dir='ltr'>prodidisse,</span> <span class='ocrx_word' id='word_1_214' title='bbox 1582 1974 1690 2015; x_wconf 91' lang='lat' dir='ltr'>dum</span> 
     </span>
     <span class='ocr_line' id='line_1_30' title="bbox 204 2025 1692 2084; baseline 0.003 -14"><span class='ocrx_word' id='word_1_215' title='bbox 204 2025 322 2071; x_wconf 85' lang='lat' dir='ltr'>veri¹</span> <span class='ocrx_word' id='word_1_216' title='bbox 371 2030 576 2084; x_wconf 88' lang='lat' dir='ltr'>periculo</span> <span class='ocrx_word' id='word_1_217' title='bbox 620 2045 715 2072; x_wconf 90' lang='lat' dir='ltr'>non</span> <span class='ocrx_word' id='word_1_218' title='bbox 754 2031 1111 2072; x_wconf 90' lang='lat' dir='ltr'>subcumbimus.</span> <span class='ocrx_word' id='word_1_219' title='bbox 1184 2032 1455 2073; x_wconf 80' lang='lat' dir='ltr'>Audivimus</span> <span class='ocrx_word' id='word_1_220' title='bbox 1502 2033 1624 2074; x_wconf 91' lang='lat' dir='ltr'>enim</span> <span class='ocrx_word' id='word_1_221' title='bbox 1665 2047 1692 2074; x_wconf 91' lang='lat' dir='ltr'>a</span> 
     </span>
     <span class='ocr_line' id='line_1_31' title="bbox 205 2088 1689 2157; baseline 0.002 -28"><span class='ocrx_word' id='word_1_222' title='bbox 205 2088 403 2141; x_wconf 91' lang='lat' dir='ltr'>quodam</span> <span class='ocrx_word' id='word_1_223' title='bbox 434 2089 652 2138; x_wconf 85' lang='lat' dir='ltr'>solitario,</span> <span class='ocrx_word' id='word_1_224' title='bbox 683 2089 731 2130; x_wconf 92' lang='lat' dir='ltr'>in</span> <span class='ocrx_word' id='word_1_225' title='bbox 764 2090 930 2157; x_wconf 85' lang='lat' dir='ltr'>spiritu</span> <span class='ocrx_word' id='word_1_226' title='bbox 960 2091 1113 2132; x_wconf 89' lang='lat' dir='ltr'>nescio</span> <span class='ocrx_word' id='word_1_227' title='bbox 1146 2104 1206 2132; x_wconf 87' lang='lat' dir='ltr'>an</span> <span class='ocrx_word' id='word_1_228' title='bbox 1236 2091 1482 2132; x_wconf 82' lang='lat' dir='ltr'>manifesta</span> <span class='ocrx_word' id='word_1_229' title='bbox 1502 2091 1689 2141; x_wconf 86' lang='lat' dir='ltr'>visione,</span> 
     </span>
     <span class='ocr_line' id='line_1_32' title="bbox 205 2145 1690 2204; baseline 0.002 -17"><span class='ocrx_word' id='word_1_230' title='bbox 205 2146 404 2188; x_wconf 86' lang='lat' dir='ltr'>animam</span> <span class='ocrx_word' id='word_1_231' title='bbox 434 2147 620 2201; x_wconf 85' lang='lat' dir='ltr'>reginae</span> <span class='ocrx_word' id='word_1_232' title='bbox 653 2149 700 2189; x_wconf 92' lang='lat' dir='ltr'>et</span> <span class='ocrx_word' id='word_1_233' title='bbox 732 2148 933 2202; x_wconf 89' lang='lat' dir='ltr'>episcopi</span> <span class='ocrx_word' id='word_1_234' title='bbox 972 2145 1183 2189; x_wconf 76' lang='lat' dir='ltr'>infinitak</span> <span class='ocrx_word' id='word_1_235' title='bbox 1218 2149 1518 2191; x_wconf 89' lang='lat' dir='ltr'>multitudine</span> <span class='ocrx_word' id='word_1_236' title='bbox 1559 2163 1690 2204; x_wconf 87' lang='lat' dir='ltr'>ange-</span> 
     </span>
     <span class='ocr_line' id='line_1_33' title="bbox 205 2203 1564 2259; baseline 0.001 -13"><span class='ocrx_word' id='word_1_237' title='bbox 205 2204 353 2247; x_wconf 91' lang='lat' dir='ltr'>lorum</span> <span class='ocrx_word' id='word_1_238' title='bbox 386 2219 490 2247; x_wconf 91' lang='lat' dir='ltr'>cum</span> <span class='ocrx_word' id='word_1_239' title='bbox 521 2205 669 2259; x_wconf 88' lang='lat' dir='ltr'>gloria</span> <span class='ocrx_word' id='word_1_240' title='bbox 698 2206 926 2248; x_wconf 85' lang='lat' dir='ltr'>ineffabili</span> <span class='ocrx_word' id='word_1_241' title='bbox 958 2207 1107 2248; x_wconf 87' lang='lat' dir='ltr'>caelos</span> <span class='ocrx_word' id='word_1_242' title='bbox 1140 2203 1342 2249; x_wconf 83' lang='lat' dir='ltr'>deferre¹</span> <span class='ocrx_word' id='word_1_243' title='bbox 1383 2208 1564 2249; x_wconf 87' lang='lat' dir='ltr'>vidisse.</span> 
     </span>
     <span class='ocr_line' id='line_1_34' title="bbox 346 2263 1691 2320; baseline 0.003 -16"><span class='ocrx_word' id='word_1_244' title='bbox 346 2263 532 2305; x_wconf 90' lang='lat' dir='ltr'>LXXV.</span> <span class='ocrx_word' id='word_1_245' title='bbox 536 2268 566 2287; x_wconf 87' lang='lat'>¹¹¹</span> <span class='ocrx_word' id='word_1_246' title='bbox 617 2264 772 2319; x_wconf 86' lang='lat' dir='ltr'>Igitur</span> <span class='ocrx_word' id='word_1_247' title='bbox 801 2265 1051 2320; x_wconf 88' lang='lat' dir='ltr'>imperator</span> <span class='ocrx_word' id='word_1_248' title='bbox 1082 2266 1242 2307; x_wconf 87' lang='lat' dir='ltr'>audita</span> <span class='ocrx_word' id='word_1_249' title='bbox 1272 2269 1419 2308; x_wconf 90' lang='lat' dir='ltr'>morte</span> <span class='ocrx_word' id='word_1_250' title='bbox 1450 2267 1612 2308; x_wconf 89' lang='lat' dir='ltr'>matris</span> <span class='ocrx_word' id='word_1_251' title='bbox 1644 2269 1691 2308; x_wconf 93' lang='lat' dir='ltr'>et</span> 
     </span>
     <span class='ocr_line' id='line_1_35' title="bbox 204 2322 1690 2378; baseline 0.003 -16"><span class='ocrx_word' id='word_1_252' title='bbox 204 2322 288 2363; x_wconf 87' lang='lat' dir='ltr'>filii</span> <span class='ocrx_word' id='word_1_253' title='bbox 335 2325 709 2377; x_wconf 87' lang='lat' dir='ltr'>caeterorumque</span> <span class='ocrx_word' id='word_1_254' title='bbox 761 2324 1084 2378; x_wconf 86' lang='lat' dir='ltr'>principalium</span> <span class='ocrx_word' id='word_1_255' title='bbox 1129 2325 1329 2366; x_wconf 82' lang='lat' dir='ltr'>virorum</span> <span class='ocrx_word' id='word_1_256' title='bbox 1381 2347 1439 2352; x_wconf 91' lang='lat'>—</span> <span class='ocrx_word' id='word_1_257' title='bbox 1490 2339 1597 2366; x_wconf 87' lang='lat' dir='ltr'>nam</span> <span class='ocrx_word' id='word_1_258' title='bbox 1644 2328 1690 2367; x_wconf 85' lang='lat' dir='ltr'>et</span> 
     </span>
     <span class='ocr_line' id='line_1_36' title="bbox 205 2379 1690 2437; baseline 0.003 -15"><span class='ocrx_word' id='word_1_259' title='bbox 205 2379 347 2431; x_wconf 87' lang='lat' dir='ltr'>Gero,</span> <span class='ocrx_word' id='word_1_260' title='bbox 399 2381 469 2423; x_wconf 83' lang='lat' dir='ltr'>vir</span> <span class='ocrx_word' id='word_1_261' title='bbox 519 2395 713 2436; x_wconf 86' lang='lat' dir='ltr'>magnus</span> <span class='ocrx_word' id='word_1_262' title='bbox 765 2385 812 2424; x_wconf 89' lang='lat' dir='ltr'>et</span> <span class='ocrx_word' id='word_1_263' title='bbox 864 2385 1049 2437; x_wconf 88' lang='lat' dir='ltr'>potens,</span> <span class='ocrx_word' id='word_1_264' title='bbox 1101 2383 1193 2424; x_wconf 88' lang='lat' dir='ltr'>iam</span> <span class='ocrx_word' id='word_1_265' title='bbox 1248 2386 1387 2426; x_wconf 91' lang='lat' dir='ltr'>antea</span> <span class='ocrx_word' id='word_1_266' title='bbox 1442 2384 1690 2426; x_wconf 79' lang='lat' dir='ltr'>defunctus</span> 
     </span>
    </p>
   </div>
   <div class='ocr_carea' id='block_1_4' title="bbox 203 2505 1691 2542">
    <p class='ocr_par' dir='ltr' id='par_1_4' title="bbox 203 2505 1691 2542">
     <span class='ocr_line' id='line_1_37' title="bbox 203 2505 1691 2542; baseline 0.003 -12"><span class='ocrx_word' id='word_1_267' title='bbox 203 2505 233 2538; x_wconf 69' lang='lat' dir='ltr'>a)</span> <span class='ocrx_word' id='word_1_268' title='bbox 251 2506 316 2531; x_wconf 79' lang='lat' dir='ltr'>sinc</span> <span class='ocrx_word' id='word_1_269' title='bbox 335 2507 517 2532; x_wconf 75' lang='lat' dir='ltr'>munusculis</span> <span class='ocrx_word' id='word_1_270' title='bbox 535 2507 599 2533; x_wconf 65' lang='lat' dir='ltr'>fere</span> <span class='ocrx_word' id='word_1_271' title='bbox 618 2508 681 2533; x_wconf 79' lang='grc' dir='ltr'>ΒΞ.</span> <span class='ocrx_word' id='word_1_272' title='bbox 753 2508 784 2538; x_wconf 90' lang='lat' dir='ltr'>b)</span> <span class='ocrx_word' id='word_1_273' title='bbox 803 2509 885 2540; x_wconf 76' lang='lat' dir='ltr'>regio</span> <span class='ocrx_word' id='word_1_274' title='bbox 903 2509 964 2536; x_wconf 80' lang='lat'>132.</span> <span class='ocrx_word' id='word_1_275' title='bbox 1037 2510 1063 2540; x_wconf 84' lang='lat' dir='ltr'>c)</span> <span class='ocrx_word' id='word_1_276' title='bbox 1082 2510 1175 2535; x_wconf 79' lang='lat' dir='ltr'>omeri</span> <span class='ocrx_word' id='word_1_277' title='bbox 1193 2510 1225 2535; x_wconf 82' lang='lat' dir='ltr'>C.</span> <span class='ocrx_word' id='word_1_278' title='bbox 1299 2508 1329 2542; x_wconf 89' lang='lat' dir='ltr'>d)</span> <span class='ocrx_word' id='word_1_279' title='bbox 1348 2510 1440 2535; x_wconf 85' lang='lat' dir='ltr'>nichil</span> <span class='ocrx_word' id='word_1_280' title='bbox 1459 2510 1489 2537; x_wconf 83' lang='lat' dir='ltr'>C.</span> <span class='ocrx_word' id='word_1_281' title='bbox 1567 2512 1595 2541; x_wconf 89' lang='lat' dir='ltr'>e)</span> <span class='ocrx_word' id='word_1_282' title='bbox 1615 2510 1691 2536; x_wconf 79' lang='lat' dir='ltr'>elee-</span> 
     </span>
    </p>
   </div>
   <div class='ocr_carea' id='block_1_5' title="bbox 203 2541 1691 2646">
    <p class='ocr_par' dir='ltr' id='par_1_5' title="bbox 203 2541 1691 2646">
     <span class='ocr_line' id='line_1_38' title="bbox 203 2541 1691 2577; baseline 0.004 -12"><span class='ocrx_word' id='word_1_283' title='bbox 203 2541 333 2573; x_wconf 80' lang='lat' dir='ltr'>mosynis</span> <span class='ocrx_word' id='word_1_284' title='bbox 357 2541 422 2569; x_wconf 68' lang='grc' dir='ltr'>ΒΞ.</span> <span class='ocrx_word' id='word_1_285' title='bbox 510 2542 535 2574; x_wconf 82' lang='lat' dir='ltr'>f)</span> <span class='ocrx_word' id='word_1_286' title='bbox 558 2542 597 2569; x_wconf 88' lang='lat'>11.</span> <span class='ocrx_word' id='word_1_287' title='bbox 621 2542 652 2567; x_wconf 63' lang='lat' dir='ltr'>iu</span> <span class='ocrx_word' id='word_1_288' title='bbox 677 2543 706 2570; x_wconf 82' lang='lat'>0.</span> <span class='ocrx_word' id='word_1_289' title='bbox 729 2543 927 2576; x_wconf 58' lang='lat' dir='ltr'>(nnuman).</span> <span class='ocrx_word' id='word_1_290' title='bbox 1015 2543 1047 2577; x_wconf 82' lang='lat' dir='ltr'>g)</span> <span class='ocrx_word' id='word_1_291' title='bbox 1072 2543 1183 2570; x_wconf 76' lang='lat' dir='ltr'>redidit</span> <span class='ocrx_word' id='word_1_292' title='bbox 1208 2545 1240 2570; x_wconf 80' lang='lat' dir='ltr'>C.</span> <span class='ocrx_word' id='word_1_293' title='bbox 1332 2545 1363 2575; x_wconf 84' lang='lat' dir='ltr'>h)</span> <span class='ocrx_word' id='word_1_294' title='bbox 1386 2546 1427 2570; x_wconf 70' lang='lat' dir='ltr'>sic</span> <span class='ocrx_word' id='word_1_295' title='bbox 1446 2546 1488 2571; x_wconf 84' lang='lat' dir='ltr'>C!</span> <span class='ocrx_word' id='word_1_296' title='bbox 1510 2545 1609 2571; x_wconf 84' lang='lat' dir='ltr'>finiuit</span> <span class='ocrx_word' id='word_1_297' title='bbox 1626 2546 1691 2573; x_wconf 68' lang='grc' dir='ltr'>ΒΞ.</span> 
     </span>
     <span class='ocr_line' id='line_1_39' title="bbox 203 2574 1691 2612; baseline 0.003 -12"><span class='ocrx_word' id='word_1_298' title='bbox 203 2574 226 2608; x_wconf 92' lang='lat' dir='ltr'>i)</span> <span class='ocrx_word' id='word_1_299' title='bbox 250 2583 322 2601; x_wconf 83' lang='lat' dir='ltr'>uero</span> <span class='ocrx_word' id='word_1_300' title='bbox 341 2576 405 2603; x_wconf 72' lang='lat'>32.</span> <span class='ocrx_word' id='word_1_301' title='bbox 489 2576 521 2608; x_wconf 76' lang='lat' dir='ltr'>k)</span> <span class='ocrx_word' id='word_1_302' title='bbox 545 2578 586 2601; x_wconf 75' lang='lat' dir='ltr'>sic</span> <span class='ocrx_word' id='word_1_303' title='bbox 605 2578 635 2604; x_wconf 85' lang='lat' dir='ltr'>G.</span> <span class='ocrx_word' id='word_1_304' title='bbox 653 2577 751 2608; x_wconf 61' lang='lat' dir='ltr'>Savo,-</span> <span class='ocrx_word' id='word_1_305' title='bbox 770 2578 915 2604; x_wconf 74' lang='lat' dir='ltr'>infinitam</span> <span class='ocrx_word' id='word_1_306' title='bbox 934 2579 1151 2605; x_wconf 81' lang='lat' dir='ltr'>multitudinem</span> <span class='ocrx_word' id='word_1_307' title='bbox 1171 2579 1341 2612; x_wconf 81' lang='lat' dir='ltr'><strong>B2.1)</strong></span> <span class='ocrx_word' id='word_1_308' title='bbox 1365 2581 1406 2605; x_wconf 73' lang='lat' dir='ltr'>sic</span> <span class='ocrx_word' id='word_1_309' title='bbox 1425 2581 1486 2607; x_wconf 72' lang='grc' dir='ltr'>ΒΞ.</span> <span class='ocrx_word' id='word_1_310' title='bbox 1505 2581 1544 2611; x_wconf 79' lang='lat' dir='ltr'>C‚·</span> <span class='ocrx_word' id='word_1_311' title='bbox 1562 2582 1594 2606; x_wconf 85' lang='lat' dir='ltr'>in</span> <span class='ocrx_word' id='word_1_312' title='bbox 1612 2581 1691 2605; x_wconf 80' lang='lat' dir='ltr'>celos</span> 
     </span>
     <span class='ocr_line' id='line_1_40' title="bbox 204 2610 1289 2646; baseline 0.004 -10"><span class='ocrx_word' id='word_1_313' title='bbox 204 2610 315 2637; x_wconf 77' lang='lat' dir='ltr'>deferri</span> <span class='ocrx_word' id='word_1_314' title='bbox 333 2611 424 2639; x_wconf 67' lang='lat' dir='ltr'>Saxo.</span> <span class='ocrx_word' id='word_1_315' title='bbox 497 2611 538 2645; x_wconf 87' lang='lat' dir='ltr'>m)</span> <span class='ocrx_word' id='word_1_316' title='bbox 556 2619 692 2637; x_wconf 66' lang='lat' dir='ltr'>numerum</span> <span class='ocrx_word' id='word_1_317' title='bbox 709 2613 891 2638; x_wconf 66' lang='lat' dir='ltr'>desideratur</span> <span class='ocrx_word' id='word_1_318' title='bbox 908 2614 988 2639; x_wconf 75' lang='lat' dir='ltr'>nullo</span> <span class='ocrx_word' id='word_1_319' title='bbox 1006 2615 1085 2646; x_wconf 64' lang='lat' dir='ltr'>opatu·</span> <span class='ocrx_word' id='word_1_320' title='bbox 1086 2622 1103 2639; x_wconf 89' lang='grc' dir='ltr'>ο</span> <span class='ocrx_word' id='word_1_321' title='bbox 1121 2618 1239 2640; x_wconf 73' lang='lat' dir='ltr'>vacante</span> <span class='ocrx_word' id='word_1_322' title='bbox 1258 2615 1289 2642; x_wconf 83' lang='lat' dir='ltr'>C.</span> 
     </span>
    </p>
   </div>
   <div class='ocr_carea' id='block_1_6' title="bbox 202 2715 1690 2995">
    <p class='ocr_par' dir='ltr' id='par_1_6' title="bbox 202 2715 1690 2995">
     <span class='ocr_line' id='line_1_41' title="bbox 204 2715 1690 2763; baseline 0.001 -11"><span class='ocrx_word' id='word_1_323' title='bbox 204 2715 240 2762; x_wconf 88' lang='lat' dir='ltr'>l)</span> <span class='ocrx_word' id='word_1_324' title='bbox 265 2717 328 2750; x_wconf 89' lang='lat' dir='ltr'>Iob</span> <span class='ocrx_word' id='word_1_325' title='bbox 346 2718 404 2759; x_wconf 86' lang='lat'>29,</span> <span class='ocrx_word' id='word_1_326' title='bbox 421 2718 488 2752; x_wconf 84' lang='lat'>25:</span> <span class='ocrx_word' id='word_1_327' title='bbox 514 2727 668 2761; x_wconf 89' lang='lat' dir='ltr'>cumque</span> <span class='ocrx_word' id='word_1_328' title='bbox 693 2716 857 2752; x_wconf 82' lang='lat' dir='ltr'>sederem</span> <span class='ocrx_word' id='word_1_329' title='bbox 882 2719 983 2762; x_wconf 82' lang='lat' dir='ltr'>quasi</span> <span class='ocrx_word' id='word_1_330' title='bbox 1006 2730 1082 2763; x_wconf 86' lang='lat' dir='ltr'>rex⁷</span> <span class='ocrx_word' id='word_1_331' title='bbox 1108 2720 1365 2754; x_wconf 81' lang='lat' dir='ltr'>circumstante</span> <span class='ocrx_word' id='word_1_332' title='bbox 1391 2719 1563 2763; x_wconf 82' lang='lat' dir='ltr'>exercitu,</span> <span class='ocrx_word' id='word_1_333' title='bbox 1589 2730 1690 2754; x_wconf 85' lang='lat' dir='ltr'>eram</span> 
     </span>
     <span class='ocr_line' id='line_1_42' title="bbox 202 2763 1690 2810; baseline 0.004 -14"><span class='ocrx_word' id='word_1_334' title='bbox 202 2764 324 2797; x_wconf 81' lang='lat' dir='ltr'>tamen</span> <span class='ocrx_word' id='word_1_335' title='bbox 350 2763 590 2798; x_wconf 78' lang='lat' dir='ltr'>moerentium</span> <span class='ocrx_word' id='word_1_336' title='bbox 616 2764 832 2799; x_wconf 82' lang='lat' dir='ltr'>consolator.</span> <span class='ocrx_word' id='word_1_337' title='bbox 953 2765 989 2810; x_wconf 83' lang='lat'>2)</span> <span class='ocrx_word' id='word_1_338' title='bbox 1015 2767 1097 2799; x_wconf 74' lang='lat' dir='ltr'>Vita</span> <span class='ocrx_word' id='word_1_339' title='bbox 1122 2766 1264 2802; x_wconf 80' lang='lat' dir='ltr'>Mahth.</span> <span class='ocrx_word' id='word_1_340' title='bbox 1289 2770 1362 2801; x_wconf 80' lang='lat' dir='ltr'>ant.</span> <span class='ocrx_word' id='word_1_341' title='bbox 1387 2777 1414 2802; x_wconf 80' lang='lat' dir='ltr'>c.</span> <span class='ocrx_word' id='word_1_342' title='bbox 1442 2769 1462 2802; x_wconf 94' lang='grc'>1</span> <span class='ocrx_word' id='word_1_343' title='bbox 1487 2769 1570 2810; x_wconf 76' lang='lat' dir='ltr'>(reo.</span> <span class='ocrx_word' id='word_1_344' title='bbox 1596 2777 1623 2802; x_wconf 82' lang='lat' dir='ltr'>c.</span> <span class='ocrx_word' id='word_1_345' title='bbox 1649 2769 1690 2810; x_wconf 86' lang='lat'>3)</span> 
     </span>
     <span class='ocr_line' id='line_1_43' title="bbox 204 2810 1690 2848; baseline 0.003 -5"><span class='ocrx_word' id='word_1_346' title='bbox 204 2819 282 2842; x_wconf 86' lang='lat' dir='ltr'>eam</span> <span class='ocrx_word' id='word_1_347' title='bbox 321 2810 458 2844; x_wconf 75' lang='lat' dir='ltr'>litteras</span> <span class='ocrx_word' id='word_1_348' title='bbox 498 2812 537 2844; x_wconf 78' lang='lat' dir='ltr'>in</span> <span class='ocrx_word' id='word_1_349' title='bbox 578 2812 735 2845; x_wconf 80' lang='lat' dir='ltr'>coenobio</span> <span class='ocrx_word' id='word_1_350' title='bbox 770 2811 1014 2845; x_wconf 76' lang='lat' dir='ltr'>Hervordensi</span> <span class='ocrx_word' id='word_1_351' title='bbox 1051 2814 1214 2846; x_wconf 78' lang='lat' dir='ltr'>didicisse</span> <span class='ocrx_word' id='word_1_352' title='bbox 1254 2815 1375 2846; x_wconf 74' lang='lat' dir='ltr'>minus</span> <span class='ocrx_word' id='word_1_353' title='bbox 1414 2818 1503 2847; x_wconf 72' lang='lat' dir='ltr'>recte</span> <span class='ocrx_word' id='word_1_354' title='bbox 1542 2815 1690 2848; x_wconf 77' lang='lat' dir='ltr'>innuere</span> 
     </span>
     <span class='ocr_line' id='line_1_44' title="bbox 203 2857 1690 2904; baseline 0.004 -16"><span class='ocrx_word' id='word_1_355' title='bbox 203 2857 352 2892; x_wconf 78' lang='lat' dir='ltr'>videtur.</span> <span class='ocrx_word' id='word_1_356' title='bbox 424 2859 461 2902; x_wconf 84' lang='lat'>3)</span> <span class='ocrx_word' id='word_1_357' title='bbox 489 2858 544 2900; x_wconf 78' lang='lat' dir='ltr'>Cf.</span> <span class='ocrx_word' id='word_1_358' title='bbox 570 2859 612 2892; x_wconf 77' lang='lat' dir='ltr'>de</span> <span class='ocrx_word' id='word_1_359' title='bbox 635 2858 696 2892; x_wconf 81' lang='lat' dir='ltr'>hoc</span> <span class='ocrx_word' id='word_1_360' title='bbox 722 2858 793 2892; x_wconf 79' lang='lat' dir='ltr'>loco</span> <span class='ocrx_word' id='word_1_361' title='bbox 811 2859 999 2900; x_wconf 75' lang='lat' dir='ltr'>Manitius,</span> <span class='ocrx_word' id='word_1_362' title='bbox 1022 2859 1224 2902; x_wconf 70' lang='lat' dir='ltr'>Phaoloqus</span> <span class='ocrx_word' id='word_1_363' title='bbox 1239 2859 1284 2902; x_wconf 86' lang='lat' dir='ltr'>L,</span> <span class='ocrx_word' id='word_1_364' title='bbox 1309 2871 1345 2903; x_wconf 84' lang='lat' dir='ltr'>p.</span> <span class='ocrx_word' id='word_1_365' title='bbox 1362 2861 1442 2896; x_wconf 87' lang='lat'><strong>370.</strong></span> <span class='ocrx_word' id='word_1_366' title='bbox 1512 2859 1549 2904; x_wconf 87' lang='grc'>4)</span> <span class='ocrx_word' id='word_1_367' title='bbox 1574 2861 1690 2894; x_wconf 81' lang='lat' dir='ltr'>Bern-</span> 
     </span>
     <span class='ocr_line' id='line_1_45' title="bbox 203 2902 1690 2949; baseline 0.003 -13"><span class='ocrx_word' id='word_1_368' title='bbox 203 2902 343 2937; x_wconf 72' lang='lat' dir='ltr'>hardus</span> <span class='ocrx_word' id='word_1_369' title='bbox 378 2905 556 2949; x_wconf 66' lang='lat' dir='ltr'>episcopus</span> <span class='ocrx_word' id='word_1_370' title='bbox 587 2905 892 2939; x_wconf 73' lang='lat' dir='ltr'>Halberstatemis</span> <span class='ocrx_word' id='word_1_371' title='bbox 926 2905 1009 2939; x_wconf 77' lang='lat' dir='ltr'>obiit</span> <span class='ocrx_word' id='word_1_372' title='bbox 1044 2906 1100 2940; x_wconf 80' lang='lat' dir='ltr'>die</span> <span class='ocrx_word' id='word_1_373' title='bbox 1130 2908 1164 2942; x_wconf 89' lang='lat'>3.</span> <span class='ocrx_word' id='word_1_374' title='bbox 1202 2907 1360 2949; x_wconf 69' lang='lat' dir='ltr'>(Nem-oz.</span> <span class='ocrx_word' id='word_1_375' title='bbox 1398 2907 1619 2943; x_wconf 73' lang='lat' dir='ltr'>Halberstat.</span> <span class='ocrx_word' id='word_1_376' title='bbox 1655 2911 1690 2941; x_wconf 81' lang='lat' dir='ltr'>&#39;et</span> 
     </span>
     <span class='ocr_line' id='line_1_46' title="bbox 203 2949 1132 2995; baseline 0.008 -13"><span class='ocrx_word' id='word_1_377' title='bbox 203 2949 322 2984; x_wconf 87' lang='lat' dir='ltr'>Brem.</span> <span class='ocrx_word' id='word_1_378' title='bbox 348 2953 379 2983; x_wconf 78' lang='lat' dir='ltr'>et</span> <span class='ocrx_word' id='word_1_379' title='bbox 402 2950 598 2988; x_wconf 74' lang='lat' dir='ltr'>Thietmar.</span> <span class='ocrx_word' id='word_1_380' title='bbox 622 2952 676 2995; x_wconf 92' lang='lat' dir='ltr'>II,</span> <span class='ocrx_word' id='word_1_381' title='bbox 702 2954 767 2995; x_wconf 88' lang='lat'>18)</span> <span class='ocrx_word' id='word_1_382' title='bbox 791 2952 843 2987; x_wconf 82' lang='lat' dir='ltr'>vel</span> <span class='ocrx_word' id='word_1_383' title='bbox 864 2954 898 2988; x_wconf 84' lang='lat'>4.</span> <span class='ocrx_word' id='word_1_384' title='bbox 922 2952 1025 2988; x_wconf 80' lang='lat' dir='ltr'>Febr.</span> <span class='ocrx_word' id='word_1_385' title='bbox 1052 2954 1132 2989; x_wconf 89' lang='grc'><strong>968.</strong></span> 
     </span>
    </p>
   </div>
  </div>
 </body>
</html>
