2034 3380
374 325 443 360 118
965 324 1259 361 WIDUKINDI

373 457 516 484 unum
547 458 703 486 verum
737 445 871 486 deum
912 447 1087 500 patrem
1128 459 1227 486 cum
1261 445 1356 486 filio
1386 445 1626 499 unigenito
1667 446 1853 488 domino

373 504 529 543 nostro
570 503 677 544 Iesu
711 503 893 545 Christo
934 506 980 545 et
1020 504 1186 558 spiritu
1226 506 1396 553 sancto,
1439 504 1708 545 simulacra³²
1746 518 1852 546 vero

375 561 615 602 daemonia
654 574 749 603 esse
791 565 837 602 et
876 576 965 603 non
1009 563 1116 603 deos
1162 558 1385 604 testatusb
1433 564 1514 604 est.
1586 562 1844 604 Haraldus⁰

375 621 528 660 autem
559 633 650 670 rex,
689 622 850 674 utpote
890 621 968 674 qui
998 621 1129 662 velox
1167 621 1369 661 traditur
1407 617 1535 662 fored
1571 621 1629 661 ad
1670 622 1852 663 audien-

374 678 496 728 dum,
529 679 688 719 tardus
720 678 778 719 ad
809 678 1086 732 loquendum
1103 679 1129 729 1,
1171 680 1438 733 interrogat,
1480 679 1519 720 si
1558 680 1676 720 hanc
1716 679 1852 721 fidem
1877 693 1898 719 5

374 749 454 790 per
500 739 668 778 semet0
717 737 865 791 ipsum
913 738 1142 779 declarare
1190 738 1316 779 velit.
1398 738 1486 779 Ille
1531 738 1854 779 incunctanter

373 794 492 835 velle
523 795 769 848 respondit.
833 795 929 836 Rex
960 809 1066 837 vero
1105 796 1334 837 custodire
1366 796 1581 837 clericum
1622 809 1764 850 usque
1803 797 1852 836 in

375 852 624 894 crastinum
645 853 788 894 iubet.
841 850 1005 895 Manef
1031 854 1156 895 facto
1184 854 1415 907 ingentisg
1440 855 1654 908 ponderis
1679 854 1851 896 ferrum

373 905 507 965 igneh
543 912 758 952 succendi
796 912 937 959 iubet,
981 912 1285 965 clericumque
1317 912 1373 953 ob
1411 913 1545 954 fidem
1579 912 1853 954 catholicam

375 970 572 1010 candens
613 965 809 1011 ferrumi
851 972 1032 1024 portare
1072 970 1217 1011 iussit.
1291 969 1533 1012 Confessor
1573 970 1746 1012 Christi
1790 971 1853 1011 in·
1879 985 1917 1010 ιο

375 1027 643 1076 dubitanter
666 1028 840 1069 ferrum
872 1029 994 1083 rapit
1023 1024 1320 1082 tamdiuquek
1350 1029 1576 1083 deportat,
1609 1042 1698 1082 quo
1723 1025 1844 1083 ipse¹

372 1099 452 1127 rex
484 1086 699 1127 decernit.
753 1087 941 1127 Manum
973 1087 1249 1128 incolumem
1275 1088 1452 1128 cunctis
1480 1087 1694 1135 ostendit,
1717 1088 1854 1129 fidem

374 1144 645 1186 catholicam
680 1145 890 1186 omnibus
922 1145 1201 1200 probabilem
1242 1146 1447 1187 redditm.
1518 1146 1591 1186 Ad
1623 1146 1736 1187 haec
1776 1159 1854 1187 rex

375 1216 615 1244 conversus
668 1202 901 1244 Christum
954 1204 1089 1244 deum
1141 1204 1287 1245 solum
1346 1204 1585 1246 colendum
1639 1204 1852 1252 decrevit,

372 1261 524 1302 idolan
560 1262 817 1315 respuenda
857 1262 1074 1303 subiectis
1106 1262 1319 1316 gentibus
1350 1262 1558 1317 imperat,
1592 1262 1680 1304 Dei
1714 1276 1854 1304 sacer·
1879 1274 1916 1300 ιτ»

374 1319 558 1360 dotibus
590 1321 637 1360 et
669 1320 888 1361 ministris
925 1321 1142 1362 honorem
1185 1320 1390 1361 debitum
1433 1321 1596 1362 deinde
1636 1321 1851 1375 prestitit.

374 1377 464 1418 Sed
496 1380 543 1422 et
584 1377 696 1419 haec
728 1378 976 1419 virtutibus
1018 1379 1180 1420 merito
1221 1379 1364 1433 patris
1404 1379 1475 1419 tui
1516 1379 1852 1428 adscribuntur,

374 1436 502 1479 cuius
533 1436 787 1477 industria⁰
815 1437 863 1477 in
894 1437 986 1478 illis
1018 1437 1280 1491 regionibus
1312 1437 1529 1478 ecclesiae
1552 1438 1853 1479 sacerdotum-

373 1507 460 1548 que
493 1495 672 1535 ordines
704 1496 753 1535 in
782 1497 964 1536 tantum
997 1495 1180 1536 fulsere.

280 1556 360 1591 963.
515 1552 682 1593 LXVI.
736 1552 855 1595 Gero
876 1554 1020 1608 igitur
1041 1567 1190 1595 comes
1210 1567 1302 1594 non
1323 1553 1546 1595 inmemor
1565 1553 1811 1595 iuramenti
1825 1553 1852 1601 2,
1879 1567 1917 1592 20

375 1624 476 1652 cum
511 1611 895 1652 Wichmannump
938 1612 1141 1653 accusari
1179 1612 1395 1653 vidissetq
1437 1625 1653 1666 reumque
1694 1625 1854 1666 cogno-

374 1669 526 1718 visset,
561 1668 778 1717 barbaris,
813 1684 839 1711 a
871 1671 1034 1724 quibus
1066 1684 1170 1711 eum
1202 1670 1459 1724 assumpsit,
1501 1670 1718 1711 restituit.
1780 1670 1853 1711 Ab

375 1727 439 1769 eis
471 1727 669 1769 libenter
701 1731 937 1783 susceptus
969 1729 1150 1783 longius
1183 1729 1400 1782 degentes
1433 1729 1648 1770 barbaros
1685 1729 1853 1770 crebris

374 1785 530 1840 preliis
569 1787 786 1827 contrivit
803 1787 830 1827 3.
908 1787 1154 1828 Misacam‘
1199 1801 1353 1840 regem
1365 1786 1393 1836 4,
1443 1787 1571 1828 cuius
1612 1787 1854 1841 potestatis

374 1846 504 1886 erant
545 1844 720 1886 Sclavi⁸
767 1846 844 1899 qui
891 1846 1109 1887 dicuntur
1148 1845 1408 1895 Licicaviki,
1457 1845 1633 1886 duabus
1681 1845 1853 1886 vicibus
1878 1856 1916 1882 25

375 1903 606 1957 superavit
637 1903 918 1957 fratremque
948 1904 1091 1958 ipsius
1122 1903 1369 1952 interfecit,
1411 1904 1599 1957 predam
1641 1917 1853 1957 magnam

373 1961 429 2002 ab
463 1974 515 2003 eo
548 1962 751 2002 extorsit.

514 2019 707 2060 LXVII.
760 2020 825 2061 Eo
857 2033 1035 2074 quoque
1066 2022 1271 2074 tempore
1304 2019 1423 2061 Gero
1454 2034 1605 2075 preses
1638 2017 1845 2062 Selavost

372 2133 401 2163 a)
414 2133 592 2158 simulachra
604 2133 640 2160 A.
653 2133 679 2157 Β
690 2134 714 2160 1.
777 2132 808 2165 b)
821 2136 865 2158 est
878 2136 1004 2159 testatus
1017 2134 1043 2158 B
1054 2135 1080 2159 1.
1138 2132 1165 2164 c)
1178 2133 1325 2158 Haroldus
1337 2134 1364 2158 Β
1374 2135 1398 2160 1.
1411 2134 1509 2164 Saxo5
1522 2132 1651 2159 Alai-dus
1664 2134 1700 2165 A,
1714 2133 1750 2164 cf.
1762 2140 1854 2164 supra

367 2175 391 2199 p
418 2168 480 2200 117,
505 2175 532 2195 n.
551 2168 586 2200 k;
613 2168 740 2193 Araldus
763 2168 853 2199 Siqeb.
926 2167 957 2199 d)
982 2170 1045 2194 fore
1064 2176 1118 2195 om.
1137 2169 1198 2196 Bl.
1217 2169 1313 2199 Saxo,·
1334 2169 1424 2194 fuisse
1443 2169 1505 2194 132.
1579 2168 1607 2201 e)
1631 2167 1732 2194 semed
1751 2169 1853 2200 prima
1878 2168 1916 2194 30

373 2210 461 2227 manu
479 2210 556 2231 corr,
574 2207 668 2228 semet
686 2204 723 2234 C,·
741 2204 932 2235 semetipsum
952 2211 1012 2228 una
1030 2211 1093 2229 voce
1110 2204 1171 2230 32.
1190 2204 1213 2229 Ο
1229 2204 1352 2234 saepius.
1421 2204 1446 2234 f)
1460 2206 1559 2229 autem
1573 2204 1640 2231 add.
1652 2205 1689 2230 A.
1761 2203 1792 2235 g)
1809 2204 1853 2228 in-

373 2244 445 2270 gens
466 2238 494 2265 G.
567 2238 597 2270 h>
623 2238 690 2269 igne
709 2252 744 2258 —
763 2237 892 2263 candens
911 2239 1021 2263 ferrum
1042 2246 1096 2265 om.
1116 2239 1175 2266 ΒΞ,
1248 2238 1269 2270 i)
1292 2239 1402 2263 ferrum
1421 2246 1477 2264 om.
1497 2239 1587 2264 Saxo.
1659 2238 1690 2270 k)
1710 2241 1769 2263 tam
1789 2238 1853 2262 diu-

374 2279 431 2303 que
450 2273 561 2297 duabus
580 2274 693 2298 vocibus
711 2274 778 2305 1323
802 2277 921 2304 tamque
941 2272 993 2299 diu
1012 2274 1101 2301 Samo.
1171 2272 1193 2305 1)
1215 2280 1308 2304 usque
1328 2273 1354 2298 B
1366 2274 1389 2300 1.
1461 2272 1502 2305 m)
1526 2271 1656 2298 reddidit
1674 2274 1700 2298 A
1719 2275 1744 2297 a
1762 2273 1851 2300 Saoeo.

371 2308 402 2338 n)
422 2308 510 2339 ydola
529 2308 563 2334 A.
654 2308 683 2340 o)
701 2307 830 2333 industri
848 2309 874 2333 B
886 2310 908 2335 1.
1000 2310 1029 2339 p)
1049 2309 1246 2340 wigmannum
1265 2309 1299 2335 A.
1319 2309 1344 2333 B
1355 2309 1379 2335 1.
1398 2308 1424 2334 2.
1443 2308 1541 2339 δαΐῳ·
1563 2307 1741 2339 Guigmann.
1759 2308 1848 2339 Siqeb.

373 2343 403 2373 q)
422 2341 501 2367 uidit
513 2343 539 2366 B
549 2344 573 2369 1.
646 2342 672 2375 r)
687 2344 728 2367 sic
740 2345 774 2370 Α.
788 2344 815 2367 Β
825 2345 849 2369 1.
862 2344 959 2373 Saoeo,·
973 2344 1092 2368 Miscam
1105 2344 1132 2368 B
1141 2344 1172 2376 23
1187 2343 1317 2368 misicam
1332 2343 1370 2372 0,·
1382 2343 1512 2368 misacha
1523 2343 1614 2373 Siqeb.
1688 2342 1714 2375 s)
1726 2342 1798 2368 flaui
1811 2343 1852 2374 A;
1877 2342 1914 2368 35

372 2377 447 2401 slaui
467 2377 497 2404 C'.
516 2377 605 2404 Samo.
678 2377 700 2409 t)
719 2378 811 2402 flauos
830 2379 875 2408 A‚·
893 2378 990 2402 slauos
1011 2379 1039 2404 0.

372 2470 531 2511 malicus,
560 2470 666 2503 Gesta
691 2470 880 2503 Danorum
903 2470 952 2512 X,
988 2471 1038 2505 ed.
1063 2469 1197 2503 Mz’c'ller
1223 2481 1262 2513 p.
1287 2471 1368 2505 499.
1403 2474 1434 2504 et
1461 2470 1524 2505 SS.
1550 2469 1699 2511 XXIX,
1730 2481 1768 2514 p.
1793 2472 1849 2506 64.

371 2515 468 2548 Eum
502 2520 607 2549 antea
639 2517 857 2559 capellanum
885 2527 1015 2559 papae,
1048 2518 1199 2558 fortasse
1222 2517 1402 2550 Benedicti
1423 2517 1528 2560 VIII,
1562 2519 1625 2562 qui
1648 2517 1854 2560 Hamburyi

370 2563 411 2595 in
434 2563 540 2596 exilio
563 2564 666 2603 vixit,
695 2563 806 2604 fuisse
830 2563 897 2596 alii
918 2564 1089 2603 tradunt,·
1123 2563 1339 2597 Giesebrecht
1355 2563 1386 2606 I,
1407 2574 1445 2606 p.
1463 2565 1544 2599 840.
1585 2564 1703 2597 Adam
1728 2564 1848 2600 Brem.

370 2609 419 2642 ΙΙ
420 2633 431 2650 ,
455 2611 512 2644 33.
538 2609 681 2642 eandem
705 2620 780 2643 rem
804 2610 844 2643 de
867 2610 1031 2653 Poppone
1054 2611 1209 2654 episcopo
1234 2610 1450 2652 slesvicensi,
1478 2610 1582 2644 Gesta
1611 2610 1708 2645 Trev.
1738 2620 1765 2646 c.
1791 2613 1848 2652 31,
1874 2618 1913 2643 40

371 2655 432 2689 SS.
450 2655 555 2698 VIII,
569 2666 607 2698 p.
621 2658 700 2698 173,
715 2657 755 2690 de
771 2657 1033 2700 archiepiscopo
1049 2657 1254 2690 Treverensi
1268 2659 1438 2699 referunt.
1466 2657 1521 2698 Cf.
1533 2657 1659 2699 Kffpke
1671 2668 1707 2700 p.
1720 2658 1789 2692 173
1798 2667 1849 2700 eq.

372 2701 407 2746 1)
425 2702 498 2736 Iac.
521 2704 552 2745 1,
567 2704 630 2737 19:
657 2701 715 2737 Sit
733 2705 854 2736 autem
872 2703 986 2736 omnis
1003 2702 1112 2736 homo
1129 2703 1236 2737 velox
1261 2703 1308 2737 ad
1330 2702 1560 2744 audiendum,
1585 2702 1709 2736 tardus
1729 2706 1849 2736 autem

371 2747 417 2781 ad
442 2748 673 2791 loquendum.
771 2752 806 2792 2)
828 2750 884 2791 Cf.
911 2750 1019 2783 huius
1039 2750 1125 2783 libri
1149 2760 1175 2785 c.
1195 2752 1250 2785 60.
1347 2751 1383 2791 3)
1401 2750 1455 2792 Cf.
1471 2760 1585 2791 supra
1604 2760 1643 2792 p.
1662 2751 1718 2787 30,
1741 2750 1764 2784 l.
1782 2751 1847 2785 21:

370 2794 475 2828 bellis
500 2794 750 2839 frequentibus
775 2796 955 2831 contrivit.
1050 2798 1087 2840 4)
1117 2797 1273 2830 Mieszko
1288 2796 1318 2831 I.
1343 2797 1386 2838 (†
1404 2797 1490 2834 992)
1513 2806 1581 2828 rex
1603 2796 1657 2828 vel
1679 2796 1755 2829 dux
1779 2797 1849 2837 fuit

369 2841 594 2885 Poknorum,
628 2843 669 2876 de
693 2853 760 2886 quo
788 2844 863 2876 vide
887 2843 1082 2886 Zeissbery,
1109 2843 1254 2877 ‘Archiv
1278 2843 1307 2884 f.
1332 2845 1455 2878 ὄεΐενν.
1485 2841 1616 2876 Gesch!
1638 2842 1855 2876 XXXVIII
1873 2850 1910 2876 45

370 2889 508 2930 (1867),
534 2900 568 2931 p.
587 2891 767 2933 25—120;
792 2891 966 2932 Westbery
981 2890 1005 2925 l.
1022 2891 1046 2925 l.
1069 2902 1105 2934 p.
1121 2891 1188 2925 103
1201 2900 1273 2933 sqq.
1307 2889 1502 2922 Licicaviki
1524 2889 1628 2922 iidem
1652 2891 1716 2932 qui
1729 2889 1848 2933 Leoln',

368 2934 393 2967 i.
416 2944 442 2968 e.
468 2934 618 2976 Polom'‚·
645 2936 820 2979 Westbery
842 2948 877 2980 p.
900 2938 977 2972 105.
