2034 3380
682 1010 1168 1068 PRAEFATIO.

320 1155 502 1208 Prioris
532 1163 693 1206 Rerum
721 1167 936 1217 qestarum
969 1161 1284 1204 Saxonicarum
1314 1159 1512 1202 editionis
1544 1158 1674 1201 omni-

179 1226 254 1267 bus
283 1224 374 1276 fere
404 1222 712 1276 exemplaribus
732 1220 960 1264 divenditis
983 1235 1075 1263 cum
1097 1219 1324 1273 bibliopola
1344 1218 1672 1271 honestissimus,

178 1289 231 1327 ut
255 1297 365 1326 nova
396 1281 662 1334 emitteretur,
697 1280 899 1335 petiisset,
940 1293 1027 1322 non
1057 1278 1194 1321 visu-m
1233 1283 1295 1321 est
1325 1278 1515 1332 priorem
1554 1277 1675 1320 illam

136 1359 154 1385 ε
185 1341 361 1397 Georyii
384 1341 530 1385 Waitz
561 1342 597 1383 b.
628 1355 684 1382 m.
715 1353 790 1382 suo
822 1344 1001 1393 tempore
1030 1337 1229 1391 funditus
1259 1352 1311 1380 ac
1335 1336 1676 1391 splendidissime

180 1403 440 1446 elaboratam
463 1414 598 1454 prope
618 1399 829 1454 inteyram
849 1399 1057 1451 recudere,
1080 1411 1174 1441 cum
1196 1401 1363 1451 pateret
1384 1395 1674 1447 recentiorum,

179 1460 392 1515 imprimis
437 1458 691 1502 Bernhardi
741 1460 791 1501 de
839 1458 1010 1501 Simson
1060 1457 1109 1499 V.
1163 1456 1226 1499 Ol.
1278 1455 1462 1499 studiis¹
1514 1459 1676 1497 tantam

180 1519 382 1564 scientiae
413 1518 601 1571 effectam
631 1532 719 1561 esse
749 1516 1122 1569 commutationem,
1153 1520 1201 1558 ut
1229 1515 1493 1568 fortioribus,
1534 1519 1581 1556 ut
1615 1514 1678 1556 ita

181 1579 338 1632 dicam,
386 1577 586 1621 remediis
629 1591 733 1631 opas
777 1591 866 1620 esse
909 1576 1134 1618 videretur.
1221 1574 1325 1618 Oum
1370 1574 1505 1628 iyitur
1550 1573 1677 1617 huius

124 1655 158 1680 ιο
182 1638 437 1682 novissimae
467 1636 665 1680 editionis
695 1637 975 1679 adornandae
1006 1649 1110 1678 cura
1140 1633 1249 1677 mihi
1280 1634 1538 1677 demandata
1560 1637 1675 1686 esset,

184 1702 338 1741 textum
369 1701 521 1749 tamen,
554 1696 643 1739 nisi
673 1695 825 1750 quibus
855 1695 958 1738 locis
988 1695 1213 1737 admodum
1244 1707 1407 1736 necesse
1446 1697 1550 1746 erat,
1591 1706 1679 1735 non

184 1756 414 1810 immutavi,
447 1759 703 1810 apparatum
734 1754 927 1798 criticum
958 1768 1009 1797 esc
1038 1753 1202 1808 inteyro
1241 1756 1498 1805 renovatum,
1540 1752 1681 1805 quoad

183 1816 282 1870 fieri
303 1815 456 1871 potuit,
489 1816 549 1858 ad
575 1816 747 1858 verbum
776 1813 949 1867 retinui,
982 1812 1275 1867 pristinarum
1301 1811 1518 1866 plurimas
1548 1824 1677 1854 annov

185 1875 403 1929 tationum,
435 1874 562 1917 etiam
593 1888 700 1928 quas
736 1873 790 1917 G.
811 1873 874 1915 H.
897 1873 1036 1926 Perta,
1069 1872 1104 1914 I
1101 1904 1110 1913 .
1134 1872 1190 1914 F.
1213 1871 1412 1924 Bo'hmer,
1442 1871 1483 1912 Ι.
1512 1869 1679 1913 Grimm

126 1950 161 1976 ιε
186 1935 222 1977 b.
254 1950 309 1977 m.
341 1933 431 1977 illis
467 1933 644 1988 Georyii
672 1932 819 1977 Waitz
847 1932 1100 1986 scriptorum
1134 1930 1265 1974 medii
1296 1930 1390 1973 aevi
1425 1930 1680 1973 edendorum

179 1993 392 2048 primitiis
422 1992 676 2045 adiecerant,
709 1991 884 2045 repetivi
892 2006 909 2045 ,·
939 2005 1014 2034 nec
1041 1990 1306 2044 prooemium
1337 1989 1436 2032 olim
1467 1989 1680 2042 scriptum,

187 2052 310 2095 hodie
340 2051 408 2094 hic
438 2051 528 2094 illic
558 2051 791 2104 obsoletum,
825 2051 957 2104 plane
988 2049 1248 2092 reiciendum
1287 2062 1374 2091 esse
1413 2048 1569 2100 censui,
1611 2048 1685 2090 sed

189 2110 407 2155 emendavi
438 2115 477 2153 et
507 2109 658 2153 addidi
685 2124 793 2163 quae
812 2123 927 2152 nunc
951 2109 1179 2162 probanda
1199 2107 1463 2150 videbantur.
1515 2107 1682 2160 Amen-

189 2170 279 2214 dice
309 2169 605 2213 subiunximus
640 2168 823 2211 libellum
862 2168 1073 2222 quendam
1112 2167 1163 2210 de
1202 2165 1367 2221 m·iyine
1403 2166 1542 2221 yentis
1574 2165 1682 2208 Swe-

129 2245 164 2271 20
188 2243 335 2273 vorum
379 2229 569 2282 fabulose
612 2227 904 2282 conscriptum,
950 2226 1024 2280 qui
1063 2225 1257 2280 quamvis
1294 2225 1552 2269 Widukindi
1591 2238 1684 2268 cum

189 2289 291 2332 libri
312 2287 450 2343 primi.
472 2287 673 2342 partibus
702 2286 964 2341 sinyularem
995 2287 1214 2340 quandam
1234 2284 1556 2327 similitudinem
1573 2297 1684 2338 prae

189 2362 233 2391 se
252 2348 377 2401 ferat,
404 2361 510 2401 quae
531 2361 552 2389 e
572 2345 808 2389 veterrimis
826 2345 990 2398 fabulis
1011 2344 1234 2388 theodiscis
1259 2358 1479 2387 emanasse
1505 2343 1683 2396 videtur,

189 2407 239 2450 in
259 2405 552 2450 Monumentis
578 2404 840 2449 Germaniae
871 2406 931 2448 ad
958 2404 1070 2447 hunc
1091 2403 1201 2447 diem
1221 2404 1409 2446 nondum
1430 2403 1541 2458 typis
1561 2404 1686 2446 datus

191 2471 295 2510 erat.
337 2465 532 2509 Indicem
551 2464 772 2508 nominum
785 2464 1062 2518 prmimum
1082 2463 1244 2515 confeci
1260 2476 1425 2505 novum.
1467 2461 1498 2517 [
1491 2461 1687 2505 Iudicem

132 2540 167 2566 2⁵
191 2540 335 2569 rerum
365 2530 404 2568 et
432 2526 662 2577 verborum,
694 2523 769 2578 qui
798 2538 886 2566 non
915 2523 1050 2565 solum
1071 2522 1215 2565 omnia
1235 2524 1343 2565 rara
1363 2521 1687 2576 sinyulariaque

191 2585 404 2638 vocabula,
435 2597 580 2626 verum
610 2583 737 2626 etiam
778 2582 979 2637 quicquid
1015 2583 1235 2625 verborum
1273 2594 1590 2635 sermonumque
1630 2580 1689 2622 ad

193 2643 466 2697 disciplinam
495 2642 560 2686 rei
591 2642 789 2696 publicae
821 2640 1126 2696 pertinentium
1156 2639 1424 2684 memorabile
1454 2644 1558 2692 erat,
1596 2653 1687 2683 con-

193 2703 308 2756 tinet,
341 2702 649 2755 historicorum‚
682 2715 768 2744 non
796 2700 1172 2755 yrammaticorum
1201 2699 1299 2742 usui
1320 2700 1686 2752 accommodatum,

194 2761 331 2805 socius
361 2762 617 2804 Edmundus
650 2761 818 2815 Stenyel
848 2764 948 2815 post
984 2759 1140 2803 obitum
1176 2758 1343 2801 iuvenis
1382 2758 1557 2801 editoris
1597 2771 1688 2801 con-

137 2834 172 2861 ιο
195 2820 401 2876 scripsitJ.

199 2948 236 2991 1)
264 2947 356 2982 ‘Zur
379 2949 509 2983 Kritik
532 2948 593 2983 des
616 2947 826 2982 Widukind’
850 2949 891 2981 in
915 2947 974 2983 (Ν.
996 2946 1149 2981 Archiv’
1168 2946 1261 2988 XII,
1282 2957 1319 2990 p.
1338 2947 1419 2982 597.
1444 2946 1534 2987 5983
1562 2945 1691 2979 ‘Ueber

198 2995 254 3028 die
277 2996 536 3030 verschiedenen
565 2996 669 3030 Teate
692 2995 753 3030 des
776 2994 986 3029 Widukind’
1011 2994 1095 3030 ibid.
1122 2994 1207 3035 XV,
1234 3005 1273 3037 p.
1300 2994 1499 3030 565—575.
