2034 3380
786 330 1092 369 PRAEFATIO.
1551 327 1686 364 XXIX

193 472 323 512 neque
354 462 495 501 tamen
526 469 690 511 semper
715 455 752 498 0
779 453 966 496 exhibet:
995 453 1104 495 urbs
1126 453 1204 507 qui
1227 449 1300 506 (q),
1324 451 1506 505 recipere
1525 450 1644 493 nolui
1658 451 1684 503 ¹,

193 519 360 560 fluvius
401 517 523 572 quod
560 528 656 557 vero
695 527 746 556 ex
784 513 828 555 A
868 517 908 555 et
943 511 981 555 G
1015 511 1280 554 scribendum
1299 524 1304 528 ¹
1320 525 1406 552 esse
1446 510 1563 552 duxi.
1626 510 1687 552 In

194 578 318 620 rebus
354 572 690 629 oothoyraphicis
728 587 757 615 a
787 571 937 625 priore
976 570 1158 613 editione
1196 568 1420 611 rarissime
1459 569 1684 622 diyressus,

187 637 434 690 plerumque
462 633 508 675 Β
532 637 553 674 1
587 636 626 675 et
661 631 699 675 G
733 635 896 674 secutus
926 645 1019 672 sum
1028 644 1045 683 ,·
1075 628 1226 682 ubique
1256 627 1434 681 scripsi:
1474 642 1683 683 namque,

151 711 169 737 r»
193 699 442 749 tamquam,
468 706 699 747 umquam,
723 691 1021 746 aliquamdiu,
1045 690 1258 744 dampno,
1283 688 1685 742 condempnamus,

195 753 576 808 contempnimus,
622 753 815 806 tempbo,
864 752 1088 805 sumptus,
1136 749 1376 804 promptus
1416 750 1502 798 etc„
1550 747 1684 796 adm„

194 813 312 863 adn„
362 812 480 867 adp.,
528 811 644 866 adq„
693 811 803 861 adh,
850 809 959 859 inb„
1006 809 1131 857 inm.,
1179 808 1288 863 inp.,
1330 805 1509 859 exceptis
1550 804 1688 847 verbis

194 872 385 928 imperio
417 874 456 913 et
484 871 773 926 impera-iore,
807 869 926 924 obp„
960 868 1069 919 obi„
1111 867 1236 909 subc.
1250 867 1277 916 2,
1311 866 1458 920 subp„
1499 865 1611 918 quod
1637 863 1688 906 in

193 935 366 984 utroque
402 930 540 973 codice
572 929 831 983 plerumque,
863 928 912 970 in
942 927 987 969 Β
1007 931 1027 968 1
1061 939 1222 979 semper
1251 925 1342 977 fere
1382 923 1561 978 leyitur,·
1598 922 1644 965 Β
1665 928 1684 964 1

135 1007 170 1033 ιο
195 994 235 1032 et
270 990 306 1032 C
335 989 530 1032 exhibent
558 989 781 1037 indutiae,
816 988 983 1037 contio,
1018 986 1235 1036 convicia,
1270 985 1477 1033 deliciae,
1510 987 1688 1026 ceterum

193 1063 290 1091 vero
319 1048 370 1090 in
400 1047 605 1090 eiusmodi
634 1047 773 1090 verbis
802 1046 915 1088 inter
944 1060 987 1088 se
1016 1045 1138 1088 valde
1168 1043 1416 1087 discordant
1444 1056 1576 1096 neque
1605 1041 1689 1084 sibi

194 1108 279 1162 ipsi
324 1121 485 1161 semper
524 1110 742 1158 constant,·
789 1106 848 1148 O:
891 1106 1050 1155 otium,
1099 1105 1313 1160 preffium,
1361 1103 1566 1153 nuntius,
1614 1115 1688 1144 ne-

196 1168 387 1222 gotium,
420 1167 618 1216 initium,
658 1166 860 1215 audacia,
900 1165 1079 1214 tertius,
1113 1164 1292 1211 vitium,
1335 1162 1573 1217 palafiium,
1615 1160 1689 1202 ubi

194 1226 302 1277 Brl:
336 1226 487 1268 ocium
516 1229 615 1278 etc.;
645 1223 715 1266 hic
745 1224 897 1266 etiam:
928 1223 1149 1273 amicicia,
1173 1222 1392 1277 spacium,
1415 1221 1686 1276 hospicium,

136 1301 170 1327 15
195 1285 443 1335 sentencia,
476 1287 646 1327 econtra
666 1297 788 1326 vero:
819 1284 1037 1333 conditio,
1060 1282 1241 1331 militia,
1274 1280 1348 1323 ubi
1375 1279 1433 1323 C:
1464 1280 1686 1330 condicio,

194 1345 381 1387 milicia.
453 1343 513 1385 In
553 1343 632 1386 hac
664 1342 869 1385 varietate
913 1341 1096 1384 maxime
1143 1340 1180 1383 Ο
1223 1344 1385 1382 secutus
1429 1353 1522 1381 sum
1568 1343 1607 1381 et
1649 1340 1688 1380 ti

188 1402 390 1457 praetuli.
471 1402 636 1456 Ubique
681 1402 773 1454 fere
819 1416 872 1444 ae
913 1405 952 1444 et
990 1415 1044 1444 oe
1084 1399 1256 1454 scripsi,
1297 1398 1492 1453 quamvis
1530 1397 1689 1441 codices

196 1477 317 1516 saepe
357 1477 382 1505 e
416 1475 498 1516 pro
538 1476 592 1504 ae
632 1466 672 1504 et
710 1475 764 1504 oe
805 1460 1055 1513 eoehibeant,·
1095 1474 1175 1516 pre
1214 1473 1311 1501 vero
1350 1457 1511 1500 retinui
1520 1472 1537 1511 ,·
1575 1472 1599 1515 e
1638 1457 1688 1499 in

195 1521 356 1564 verbis:
395 1535 524 1579 pene,
569 1521 731 1578 elatus,
774 1521 1026 1577 episcopus,
1070 1533 1225 1574 equus,
1267 1518 1392 1575 varie
1432 1522 1504 1560 etc.
1551 1531 1602 1559 ex
1642 1516 1686 1570 G,

136 1598 172 1623 ιο
197 1596 352 1637 equus,
395 1582 590 1638 legatus,
625 1581 784 1635 eccles.
817 1594 868 1622 ex
898 1579 943 1621 Β
964 1584 983 1621 1
1018 1578 1202 1632 recipere
1233 1577 1363 1620 nolui.
1428 1577 1496 1619 De
1534 1576 1689 1628 formis

196 1640 415 1683 nominum
445 1639 721 1693 propriorum
758 1639 1006 1693 plerumque
1052 1638 1089 1681 (J
1127 1635 1187 1688 (et
1224 1637 1269 1678 Β
1291 1636 1340 1690 2)
1381 1640 1543 1678 secutus
1581 1649 1686 1688 sum,

196 1699 398 1753 quoniam
428 1699 471 1741 A
502 1703 541 1741 et
568 1698 614 1740 Β
634 1703 650 1740 1
687 1699 915 1741 secundum
944 1711 1100 1739 morem
1130 1710 1303 1738 suorum
1343 1700 1571 1749 temporum
1610 1695 1689 1737 has

195 1762 488 1817 mutaverunt,·
518 1759 592 1800 sed
614 1757 716 1811 quia
748 1756 922 1800 librarii
951 1756 996 1798 Β
1018 1760 1042 1797 2
1076 1770 1235 1810 quoque
1259 1759 1298 1798 et
1329 1754 1366 1798 G
1391 1754 1440 1797 in
1470 1754 1689 1797 nominum

195 1815 510 1861 scribendorum
557 1817 724 1859 ratione
769 1816 939 1870 saepius
983 1815 1159 1858 variant
1204 1819 1327 1868 atque
1375 1818 1492 1856 tanto
1536 1813 1687 1867 mayis,

136 1893 171 1920 85
195 1881 354 1931 quanto
392 1876 441 1919 in
481 1876 699 1919 scribendo
730 1875 1080 1930 proyrediuntur,
1121 1875 1307 1927 formam
1343 1873 1541 1927 optimam
1581 1877 1688 1914 vetu-

196 1935 515 1989 stissimamque,
562 1949 689 1989 quam
735 1934 944 1978 codicibus
987 1938 1026 1976 et
1067 1933 1169 1976 aliis
1209 1932 1392 1986 testibus,
1432 1931 1690 1986 praesertim

197 1995 443 2037 Annalibus
481 1994 800 2037 Corbeiensibus
830 1993 1097 2047 comparatis,
1132 1992 1276 2045 statui,
1310 1992 1356 2034 in
1388 1996 1500 2034 textu
1530 2004 1690 2045 semper

197 2053 387 2107 repetivi,
434 2053 585 2107 ubique
630 2053 721 2105 fere
765 2053 900 2107 iyitur
944 2052 1124 2105 scripsi:
1169 2053 1329 2107 Huga,
1376 2051 1687 2101 Evurhardus,

198 2113 494 2163 Isilberhtus,
533 2113 883 2163 Wichmannus,
933 2112 1180 2166 sigifridus
1226 2115 1298 2153 etc.
1369 2110 1582 2152 Numeros
1626 2108 1689 2151 in-

137 2188 172 2214 ao
196 2171 337 2214 venies
365 2171 553 2225 scriptos,
593 2171 703 2214 sicut
731 2172 927 2225 leyuntur
956 2170 1006 2213 in
1037 2169 1259 2223 codicibus,
1296 2169 1449 2211 litteris
1479 2167 1691 2210 Romanis

195 2230 384 2284 eoepressi
422 2234 498 2272 aut
535 2230 672 2273 verbis
684 2231 712 2271 3.
774 2229 924 2272 Etiam
963 2228 1272 2272 distinctionem
1312 2228 1510 2281 codicum,
1551 2228 1693 2281 quoad

195 2289 296 2343 fieri
326 2289 477 2343 potuit,
519 2294 558 2332 et
590 2289 775 2332 maoeime
805 2288 970 2332 litteras
999 2288 1261 2331 maiusculas
1300 2287 1350 2330 in
1385 2286 1690 2330 sententiarum

195 2348 337 2392 initiis
381 2349 564 2403 scriptas
608 2348 779 2391 retinui.
852 2348 939 2392 Ubi
982 2362 1033 2391 eoe
1077 2362 1162 2390 uno
1205 2347 1314 2390 libro
1358 2346 1513 2400 scripto
1557 2350 1690 2389 textus

195 2408 460 2451 hauriendus
489 2413 592 2462 erat,
634 2422 697 2451 ex.
727 2422 794 2462 yr.
827 2408 867 2461 I,
901 2411 971 2449 22.
1004 2412 1043 2450 et
1071 2407 1121 2450 in
1150 2406 1377 2460 indicibus,
1418 2407 1478 2448 ad
1506 2405 1691 2448 litteram

138 2483 172 2510 ³5
197 2468 320 2510 talem
358 2467 467 2521 dedi,
508 2468 673 2522 qualem
704 2468 882 2522 praebet
920 2468 1058 2521 codem,
1101 2466 1220 2510 cuius
1259 2465 1370 2509 nihil
1410 2465 1498 2508 nisi
1536 2465 1691 2507 menda

195 2526 427 2579 manifesta
458 2526 636 2569 correxi.

340 2586 399 2628 In
431 2585 777 2628 annotationibus
816 2585 1054 2629 adiciendis
1092 2585 1142 2628 id
1179 2584 1362 2627 maoeime
1401 2582 1572 2628 consilii
1611 2582 1688 2637 eyi,

196 2649 243 2687 ut
273 2645 458 2688 auctoris
487 2645 626 2697 fontes
655 2644 868 2698 afferrem,
891 2659 1056 2687 errores
1081 2644 1344 2699 corriyerem,
1368 2657 1474 2697 quae
1499 2642 1688 2695 tacuerit,

197 2706 463 2757 ostenderem,
497 2705 606 2747 locos
636 2703 896 2747 obscuriores
925 2704 1211 2758 explanarem,
1243 2717 1312 2746 res
1330 2701 1634 2757 9e09rapliicas
1654 2705 1693 2743 et

138 2779 175 2806 ιο
198 2763 511 2818 chronoloyicas
541 2763 815 2806 illustrarem.
885 2764 1031 2806 Multa
1063 2763 1206 2817 eolleyi
1245 2763 1295 2805 de
1326 2775 1514 2804 ser-mone
1543 2760 1691 2804 Widu-

200 2890 236 2932 1)
265 2890 307 2926 Ρ.
325 2892 382 2934 71,
408 2892 431 2927 l.
457 2893 490 2928 6.
517 2891 563 2925 ad
587 2890 771 2936 prefectos
795 2890 952 2933 urbium,
978 2890 1042 2935 qui
1065 2902 1144 2925 cum
1169 2891 1248 2926 Bl.
1274 2892 1307 2926 2.
1336 2890 1367 2924 Ο
1385 2891 1528 2934 scripsi,
1552 2900 1632 2923 cum
1656 2890 1690 2923 A

199 2940 230 2970 et
253 2936 358 2973 Frui.
383 2949 454 2982 que
473 2939 678 2983 praebeant.
729 2939 797 2973 Sed
822 2939 871 2972 ad
894 2937 1088 2983 prefectos,
1114 2948 1186 2972 mm
1211 2938 1260 2971 ad
1284 2937 1431 2972 urbium
1459 2937 1601 2971 verbum
1626 2935 1689 2980 qui

199 2983 338 3020 trahas.
432 2987 470 3029 2)
495 2987 562 3021 Sed
587 2985 770 3022 occubuit.
867 2985 904 3031 3)
931 2986 1002 3021 Ex.
1025 2997 1081 3029 qr.
1104 2998 1142 3030 p.
1165 2986 1223 3021 84.
1485 2995 1489 3000 ”
