2034 3380
123 989 157 1014 10

123 1283 156 1308 15

121 1577 157 1602 20

122 1872 156 1897 25

124 2165 159 2191 ³0

122 2689 158 2714 40

124 2922 160 2947 45

388 320 574 357 RERUM
600 317 879 355 GESTARUM
904 317 1281 355 SAXONIOARUM
1306 319 1403 356 LIB.
1428 319 1460 356 Ι.
1627 322 1671 356 13

185 442 360 484 eaelum
404 455 560 485 secure
597 441 740 482 audet
777 439 1016 494 inspicere,
1058 441 1215 481 nostro
1257 443 1451 495 cogente
1491 441 1670 484 timore.

185 502 273 544 Sed
306 516 398 544 non
424 502 590 544 desunt
612 499 654 541 ei
676 498 910 554 pecuniae,
934 497 1100 552 quibus
1122 499 1440 540 conducantur
1462 501 1672 543 nationes

185 561 404 603 barbarae
417 560 445 610 ¹,
486 573 580 601 non
610 559 739 600 deest
771 556 972 598 militum
1008 570 1182 607 manus,
1223 557 1334 599 licet
1372 558 1513 609 lassa;
1555 573 1671 614 quae

183 622 338 662 tamen
385 618 566 660 omnia⁸
610 618 768 658 nostra
814 616 1023 658 absentia
1067 616 1457 670 redintegrantur.
1538 618 1671 661 Inde-

183 693 338 721 corum
372 680 442 719 est
471 676 722 718 victoribus
754 675 886 716 victis
919 675 1133 717 vincendi
1163 675 1315 717 locum
1353 676 1475 718 dare.
1546 677 1670 718 Num

182 737 376 791 singulis
425 736 616 778 urbibus
667 729 1057 776 administrandab
1109 734 1389 776 sufficimus⁰
1442 736 1673 790 presidia?

182 796 243 837 Et
274 809 351 838 eas
381 809 537 837 omnes
568 794 813 849 perdimus,
856 794 966 834 dum
997 794 1116 835 imus
1153 795 1200 835 et
1239 794 1470 835 redimus’.
1542 795 1672 837 Haec

183 869 235 897 eo
277 856 580 910 prosequente
596 854 611 878 2
650 853 826 908 placuit
865 852 1109 894 Thiadrico
1150 853 1452 907 omnibusque
1492 851 1667 909 gloriad

181 914 400 956 victoriae
432 913 576 955 avidis
608 925 791 954 manere
811 911 861 952 in
884 911 1045 953 castris
1066 914 1114 954 et
1135 912 1320 954 mittere
1342 913 1400 953 ad
1423 912 1670 964 Saxones0‚

182 974 260 1027 qui
291 973 383 1014 iam
414 972 525 1014 olim
557 974 690 1014 erant
721 971 968 1025 Thuringis
1000 971 1210 1012 acerrimi
1242 972 1410 1021 hostes,
1453 973 1671 1026 quatinus

183 1028 252 1074 eif
279 1034 431 1074 essent
460 1031 540 1072 ing
565 1030 758 1072 auxilio:
792 1030 831 1071 si
851 1030 1037 1084 quidem
1058 1030 1296 1072 vincerent
1317 1027 1667 1073 Irminfridumh

182 1091 432 1145 urbemque
464 1092 694 1145 caperent,
726 1092 895 1131 terram
929 1089 994 1130 eis
1015 1089 1064 1130 in
1085 1090 1415 1144 possessionem
1437 1092 1671 1133 aeternam

181 1151 399 1192 traderet.
483 1149 683 1190 Saxones
728 1148 873 1189 nichil
920 1148 1126 1189 cunctati
1171 1162 1334 1190 novem
1382 1149 1520 1191 duces
1568 1164 1670 1191 cum

182 1208 376 1262 singulis
423 1208 609 1249 milibus
655 1207 856 1248 militum
903 1207 1134 1249 destinare
1174 1221 1267 1248 non
1308 1208 1540 1250 dubitant.
1612 1209 1672 1250 Et

180 1267 375 1321 ingressi
406 1267 544 1308 duces
575 1266 623 1307 in
657 1267 820 1316 castra,
854 1265 1026 1320 singuli
1057 1279 1159 1307 cum
1193 1267 1401 1309 centenis
1430 1267 1670 1317 militibus,

180 1326 358 1381 reliqua
389 1325 689 1367 multitudine
721 1327 851 1367 extra
881 1327 1033 1385 castra
1054 1325 1252 1375 dimissa,
1280 1326 1488 1368 salutant
1508 1327 1672 1368 Thiad-

179 1386 324 1427 ricum
364 1385 513 1427 verbis
553 1384 768 1439 pacificis.
839 1383 998 1435 Quod²
1039 1397 1143 1425 cum
1174 1385 1446 1427 Thiadricus
1482 1386 1673 1428 hilarior

181 1444 467 1499 suscepisset,
491 1444 663 1486 dextris
685 1443 806 1484 datis
828 1446 875 1485 et
900 1443 1114 1498 acceptis,
1144 1444 1323 1498 copiam
1347 1441 1486 1487 virisk
1510 1445 1642 1487 fandi
1656 1445 1673 1470 3

182 1504 417 1545 concessit.
467 1504 530 1544 At
549 1502 640 1544 illi:
667 1502 911 1557 ‘Populus',
935 1503 1078 1552 aiunt,
1104 1502 1347 1544 ‘Saxonum
1368 1504 1457 1546 tibi
1479 1505 1671 1546 devotus

181 1565 230 1605 et
258 1563 352 1604 tuis
383 1575 548 1618 parens
578 1562 782 1616 imperiis
813 1562 939 1603 misit
969 1575 1052 1603 nos
1083 1562 1141 1603 ad
1171 1564 1239 1612 te3
1268 1565 1316 1604 et
1337 1576 1442 1606 ecce
1463 1577 1672 1605 assumus

182 1622 332 1677 parati
363 1622 422 1663 ad
454 1634 587 1663 omne
619 1616 961 1675 quodcumque¹
992 1621 1112 1662 tibiffl1
1132 1621 1347 1663 voluntas
1378 1623 1669 1677 suggesserit.

182 1681 344 1736 parati,
377 1683 431 1721 ut
462 1682 544 1721 aut
575 1681 730 1721 hostes
760 1681 866 1722 tuos
887 1680 1123 1721 vincamus
1155 1683 1249 1732 aut,
1273 1681 1311 1722 si
1331 1682 1522 1723 fortuna
1543 1682 1671 1723 aliud

181 1740 377 1790 iusserit,
410 1753 493 1794 pro
523 1742 571 1781 te
604 1739 864 1780 moriamur.
928 1739 1081 1780 Aliam
1113 1740 1235 1781 enim
1267 1754 1451 1782 causam
1490 1741 1667 1782 nullam

182 1799 436 1841 Saxonibus
469 1811 565 1840 esse
596 1798 724 1847 scias,
757 1798 874 1839 nisin
899 1798 1081 1840 vincere
1103 1798 1221 1841 velle
1243 1801 1325 1840 aut
1346 1799 1499 1842 certe4
1520 1801 1670 1842 vivere

181 1858 319 1900 nolle.
390 1857 551 1912 Neque
593 1857 716 1899 enim
755 1857 953 1911 gratiam
994 1858 1212 1900 maiorem
1255 1859 1414 1900 amicis
1454 1860 1670 1901 exhibere

181 1931 441 1972 possumus,
495 1930 630 1971 quam
682 1918 736 1957 ut
787 1930 869 1970 pro
916 1917 981 1958 eis
1032 1919 1224 1958 mortem
1277 1920 1669 1973 contempnamus.

182 1976 243 2016 Et
285 1979 339 2016 ut
384 1976 471 2017 hoc
519 1975 830 2030 experimento
878 1975 1047 2025 discas,
1096 1977 1282 2018 omnino
1330 1977 1669 2019 desideramus'.

183 2034 286 2075 Illis
332 2035 446 2076 haec
492 2034 788 2087 loquentibus
834 2034 990 2075 mirati
1039 2038 1148 2075 sunt
1195 2036 1361 2077 Franci
1412 2038 1670 2090 prestantes

184 2106 371 2148 corpore
403 2095 450 2134 et
481 2093 633 2133 animo
661 2092 794 2140 viros,
827 2093 1009 2134 mirati⁰
1036 2098 1145 2134 sunt
1177 2096 1224 2135 et
1254 2108 1423 2135 novum
1445 2095 1669 2145 habitum,

184 2165 310 2193 arma
347 2165 526 2206 quoque
567 2153 614 2193 et
654 2150 872 2192 diffusosl‘
909 2151 1118 2206 scapulas
1159 2153 1388 2195 caesarie⁵
1423 2157 1497 2195 et‘l
1535 2168 1673 2209 supra

183 2211 337 2252 omnia
367 2211 601 2264 ingentem
634 2210 776 2251 animi
807 2211 1129 2252 constantiam.
1190 2211 1311 2253 Nam
1342 2213 1499 2254 vestiti
1540 2215 1671 2255 erant

183 2269 333 2324 sagis⁶
363 2272 410 2311 et
442 2269 607 2310 armati
638 2269 789 2324 longis
821 2269 992 2311 lanceis
1024 2273 1071 2312 et
1102 2271 1284 2312 subnixi
1312 2271 1498 2313 stabant
1520 2273 1670 2327 parvis

181 2385 211 2415 a)
236 2384 335 2410 omnia
353 2392 408 2411 om.
429 2384 458 2412 C.
545 2383 575 2416 b)
601 2382 640 2409 ad
659 2382 857 2409 ministranda
874 2384 937 2411 Bl.
1023 2384 1051 2417 c)
1075 2385 1279 2411 sufficeremus
1298 2387 1327 2413 C.
1412 2385 1444 2417 d)
1467 2387 1582 2419 gloriae
1602 2388 1669 2419 1323

183 2426 238 2447 om.
258 2420 342 2447 Frut.
420 2419 449 2452 e)
471 2426 611 2444 saxonem
632 2420 663 2444 C.
746 2418 771 2450 f)
795 2421 837 2445 eis
857 2420 920 2447 Bl.
999 2420 1029 2453 g)
1054 2421 1085 2446 in
1106 2428 1158 2448 om.
1179 2421 1242 2447 ΒΞ.
1261 2422 1345 2450 Frut.
1426 2423 1458 2453 h)
1482 2423 1523 2447 sic
1541 2423 1592 2448 hoc
1611 2423 1672 2448 loco

182 2455 268 2479 diam
287 2455 320 2482 C.
400 2455 422 2486 i)
446 2454 499 2485 Q⁰s
517 2455 620 2485 (Quos)
640 2455 674 2482 A.
756 2454 788 2487 k)
812 2456 884 2480 iuris
904 2456 941 2481 A.
1024 2456 1045 2487 1)
1070 2457 1150 2487 quod
1168 2457 1230 2484 Bl.
1311 2460 1351 2489 m)
1375 2458 1515 2483 uoluntas
1536 2459 1590 2483 tibi
1610 2459 1670 2483 B2.

183 2491 214 2521 n)
238 2491 270 2515 ni
294 2491 330 2517 A.
421 2491 450 2521 o)
474 2490 574 2515 mirati
593 2494 663 2515 sunt
681 2497 737 2517 om.
757 2491 826 2522 B2;
852 2495 883 2516 et
904 2498 1016 2516 novum
1035 2492 1103 2519 hab.
1122 2492 1223 2517 mirati
1242 2496 1310 2518 sunt
1328 2493 1354 2518 B
1366 2495 1391 2519 1.
1481 2496 1512 2525 p)
1536 2495 1578 2518 sic
1602 2494 1629 2518 B
1641 2495 1671 2523 2:

183 2524 306 2551 diffusas
325 2525 461 2557 scapulas
480 2526 590 2550 cesarie
610 2526 676 2557 Βὶς
701 2524 824 2551 diffusos
849 2527 978 2558 scapulis
998 2528 1109 2552 cesarie
1130 2530 1172 2558 A7·
1198 2527 1318 2553 diffusos
1339 2529 1463 2553 secunda
1485 2537 1574 2554 manu
1598 2537 1673 2557 corr.

183 2559 305 2586 diffusas
324 2561 460 2592 scapulas
478 2562 590 2598 cesarie
610 2561 648 2592 C,·
666 2560 804 2586 diffusam
817 2562 945 2594 scapulis
958 2563 1099 2588 cesariem
1114 2563 1211 2594 Frut.;
1230 2571 1284 2595 per
1303 2565 1438 2595 scapulas
1457 2564 1545 2596 longa
1564 2563 1673 2590 diffusa

183 2596 314 2622 caesarie
333 2596 462 2623 Gomon.
533 2596 565 2628 q)
584 2599 613 2621 ct
632 2599 665 2621 ut
683 2604 708 2621 s.
729 2596 760 2623 C.

184 2679 219 2722 1)
249 2679 306 2720 Cf.
331 2689 447 2722 supra
473 2689 513 2722 p.
542 2679 597 2721 12,
632 2689 669 2714 n.
693 2680 729 2713 2.
847 2678 886 2724 2)
918 2679 1042 2714 Nescio
1067 2691 1117 2714 an
1144 2682 1329 2714 consilium
1357 2682 1466 2714 huius
1493 2682 1607 2715 ‘servi'
1633 2684 1672 2716 in

183 2727 334 2769 antiqua
358 2726 483 2768 fabula
508 2726 548 2759 id
570 2726 785 2769 spectaverit,
812 2729 852 2758 ut
869 2726 1028 2761 Saxones
1052 2729 1101 2760 ad
1126 2729 1307 2761 amilium
1323 2732 1533 2762 vocarentur
1542 2742 1555 2769 ‚·
1579 2731 1672 2773 quod

191 2772 433 2806 Widukindus
449 2774 616 2808 omiserit.
689 2773 727 2816 3)
742 2773 873 2815 Veryil.
886 2774 974 2807 Aen.
987 2774 1019 2817 I,
1034 2786 1062 2809 v.
1077 2776 1157 2810 520.
1175 2778 1206 2807 et
1222 2775 1293 2818 XI,
1311 2791 1341 2811 v.
1356 2777 1446 2811 248:
1464 2775 1550 2810 data
1567 2776 1672 2820 copia

185 2817 296 2855 fandi.
379 2820 418 2863 4)
437 2820 491 2863 Cf.
508 2830 626 2864 supra
641 2831 681 2864 p.
700 2821 733 2862 6,
756 2820 777 2854 l.
798 2822 853 2855 13.
943 2820 979 2863 5)
998 2822 1137 2855 Franci
1151 2823 1321 2866 capillum
1337 2824 1490 2857 recidere
1506 2824 1670 2859 solebant.

185 2866 221 2908 6)
246 2866 278 2901 I.
294 2877 321 2904 e,
339 2867 488 2901 vestibus
504 2867 605 2900 lineis
622 2867 702 2900 laxe
717 2867 766 2900 ad
781 2868 888 2910 pedes
903 2868 1161 2910 defluentibu8;
1185 2871 1229 2911 cf.
1256 2869 1296 2904 U.
1315 2868 1378 2905 Fr.
1396 2870 1516 2915 Kopp‚
1534 2871 1672 2905 ‘Bilder

185 2912 260 2945 und
283 2913 474 2955 Schriften'
491 2914 523 2956 I,
542 2929 580 2959 p.
600 2916 654 2950 75.
702 2914 862 2948 Econtra
886 2915 991 2957 infra
1015 2915 1067 2958 H,
1089 2918 1119 2951 1.
1146 2915 1223 2949 Otto
1240 2917 1270 2952 Ι.
1296 2919 1336 2950 in
1360 2918 1551 2959 festivitate
1574 2929 1672 2952 coro-

185 2960 343 2992 naticmis
365 2960 488 2994 tunica
511 2961 638 2995 stricta
661 2972 764 2995 more
788 2960 1016 2996 Francorum
1041 2963 1189 2997 indutus
1212 2964 1327 3006 fuisse
1350 2965 1492 3000 dicitur.
