2034 3380
785 309 1091 346 PRAEFATIO.
1547 304 1686 342 XXIII

195 435 333 477 bitur:
357 433 633 476 Witiehindi
655 432 846 474 Saxonis
867 431 1039 473 Rerum
1071 431 1128 472 ab
1153 430 1373 472 Heinrico
1395 432 1442 472 et
1465 429 1637 472 Ottone
1661 427 1684 469 I

194 495 336 550 impp.
378 496 609 549 gestarum
650 491 779 533 Libri
809 490 889 531 III
930 493 1004 531 etc.
1067 489 1277 531 Basileae
1319 490 1441 544 apud
1474 489 1541 530 Io.
1575 488 1687 530 Her·

196 555 393 609 vaggiam,
435 565 589 594 mense
628 550 811 599 Martio,
860 563 900 590 a.
942 547 1245 597 MDXXXII,
1293 547 1381 599 fol„
1422 561 1468 599 p.
1514 550 1686 588 1—52.

205 612 316 656 Usus
355 614 415 653 est
450 609 587 653 codice
625 608 808 660 fortasse
847 606 1034 649 omnium
1066 605 1388 660 pretiosissimO,
1430 619 1544 647 nunc
1575 605 1688 658 proh

146 685 164 711 5
195 669 342 713 dolor!
360 667 584 722 deperdita
606 681 726 721 quem
746 666 795 708 in
815 665 998 709 tenebris
1016 664 1266 708 monasterii
1282 665 1328 706 E
1335 663 1689 706 berbacensis

187 743 322 783 prope
342 727 538 770 Rhenum
558 728 608 778 fl.
629 726 704 768 siti
733 725 968 774 invenerat,
1002 724 1122 767 cuius
1153 728 1330 767 aetatem
1350 727 1390 765 et
1409 722 1689 765 conditionem

195 802 282 830 non
302 786 520 830 indicavit.
577 786 619 829 U
620 785 751 839 bique·
759 785 851 837 fere
872 798 964 827 cum
995 783 1132 826 codice
1159 783 1204 825 B
1224 787 1242 824 l
1277 781 1481 835 convenit,
1504 786 1690 824 attamen

196 861 247 890 ecc
275 846 368 901 ipso
398 845 632 900 descriptus
662 858 749 887 esse
769 843 925 898 nequit.
980 843 1207 896 Complura
1227 855 1334 895 quae
1357 841 1406 884 in
1428 841 1471 883 B
1491 845 1512 882 1
1540 841 1690 883 desunt

195 906 397 949 vocabula
418 905 486 947 hic
507 905 713 958 leguntur,
737 903 839 956 alia,
862 916 969 956 quae
989 902 1061 944 ille
1082 902 1314 955 depravata
1335 900 1508 953 exhibet,
1532 898 1692 942 Frecht

139 980 173 1005 ιο
195 979 301 1008 sane
331 963 547 1019 eoepressit,
589 963 761 1016 ideoque
791 962 836 1004 B
853 967 878 1004 2
902 961 1159 1016 permultum
1199 960 1308 1013 facit
1346 961 1405 1002 ad
1442 963 1600 1002 rectum
1640 959 1692 1001 de

196 1025 240 1067 B
266 1029 287 1066 1
326 1023 532 1066 iudicium
563 1022 899 1078 proferendum:
937 1035 988 1063 ex
1027 1020 1118 1074 ipso
1158 1019 1270 1062 enim
1309 1023 1498 1074 afflaret,
1540 1017 1691 1072 quibus

198 1083 300 1126 locis
339 1106 398 1111 —-
438 1095 615 1135 quorum
653 1095 855 1123 numerus
895 1095 981 1123 non
1013 1093 1178 1133 parvus
1218 1102 1275 1108 —
1314 1078 1496 1132 scriptor
1536 1075 1693 1120 codicis

197 1142 242 1185 B
266 1147 287 1184 1
329 1142 393 1184 vel
431 1141 533 1194 eius,
576 1154 628 1183 ex
657 1154 737 1193 quo
768 1139 836 1182 hic
866 1139 1098 1192 descriptus
1129 1143 1199 1191 est,
1232 1137 1445 1180 lectionem
1481 1138 1541 1179 ad
1578 1135 1692 1178 arbi-

199 1201 328 1243 trium
359 1201 422 1242 vel
452 1200 712 1253 neyleyentcr
741 1198 979 1241 mutaverit.
1043 1198 1366 1250 Nonnunquam
1397 1210 1493 1238 vero
1524 1195 1571 1237 in
1602 1195 1647 1237 B
1663 1199 1690 1237 2

140 1278 174 1304 15
207 1258 462 1304 Widukindi
492 1259 619 1301 verba
648 1257 712 1300 ita
741 1262 842 1300 sunt
869 1261 1045 1310 mutata,
1077 1256 1183 1298 vitia
1213 1257 1446 1308 emendata,
1478 1259 1526 1297 ut
1545 1253 1693 1308 potius

199 1318 350 1362 editori
390 1332 516 1372 quam
557 1317 691 1360 codici
730 1331 781 1359 ea
827 1316 1050 1359 attribuas.
1123 1316 1178 1357 E.
1219 1329 1285 1369 qr.
1323 1329 1408 1368 pro
1450 1316 1602 1356 -erunfi
1643 1313 1691 1356 in

190 1379 379 1433 perfecto
409 1376 655 1432 saepissime
682 1377 853 1429 praebet
883 1390 986 1426 -ere,
1011 1389 1096 1429 pro
1117 1376 1241 1417 domi
1263 1375 1520 1428 militiaque
1540 1372 1693 1427 ubique

201 1439 242 1481 d.
276 1438 572 1491 militiaeque,
607 1440 645 1478 et
673 1449 780 1489 quae
810 1439 910 1477 sunt
938 1434 1154 1477 eiusmodi.

349 1496 402 1551 (J)
462 1495 601 1538 Codex
649 1494 898 1537 monasterii
950 1492 1279 1537 Casinensis
1328 1506 1396 1534 nr.
1445 1496 1530 1534 298
1584 1491 1695 1545 (non

141 1572 178 1598 zo
202 1556 310 1610 289)
327 1557 352 1609 ¹,
393 1555 736 1597 membranaceus
769 1554 826 1607 4⁰,
869 1567 920 1595 ex
951 1553 1087 1596 tribus
1117 1551 1329 1595 codicibus
1368 1556 1429 1594 est
1467 1552 1693 1603 conflatus.

208 1617 394 1670 Quorum
422 1613 592 1668 primus
622 1612 718 1666 (fol.
754 1612 919 1666 1—48)
949 1612 1134 1665 mutilus,
1167 1611 1280 1654 binis
1309 1610 1515 1653 columnis
1545 1624 1693 1653 exara·

203 1680 290 1727 tus,
333 1674 485 1716 litteris
532 1671 859 1727 ‘Lonyobardis'
903 1685 1010 1714 saec.
1055 1671 1136 1713 XI
1135 1702 1144 1712 .
1190 1669 1379 1713 ineuntis
1415 1669 1567 1725 prodit
1610 1673 1695 1712 tres

203 1733 399 1788 epistolas
437 1731 715 1786 Hieronymi,
763 1732 970 1774 secundus
1016 1729 1112 1783 (fol.
1153 1729 1352 1782 49—80)
1390 1729 1563 1783 pariter
1607 1742 1698 1771 non

204 1793 364 1847 integer
395 1791 526 1834 libros
555 1790 774 1833 Ambrosii
805 1792 855 1833 de
884 1789 1098 1844 mysteriis
1128 1794 1167 1831 ct
1196 1791 1246 1831 de
1278 1788 1482 1842 baptismo
1491 1803 1508 1841 ,·
1548 1787 1699 1830 tertius

144 1867 179 1893 25
205 1852 301 1905 (fol.
345 1850 600 1904 81-244),
648 1849 842 1904 siqnatus
887 1849 937 1892 in
982 1848 1177 1902 maryine
1222 1847 1431 1900 inferime
1476 1861 1544 1889 nr.
1594 1851 1694 1899 917,

203 1925 310 1954 saec.
347 1910 434 1952 XI.
476 1914 666 1963 veryente
704 1910 767 1951 vel
801 1909 919 1951 XII.
962 1908 1188 1961 incipiente
1224 1921 1356 1949 manu
1390 1906 1697 1949 Beneventana

204 1970 385 2023 scriptus
398 1971 425 2022 2,
473 1968 656 2011 continet
693 1982 798 2022 opus
836 1972 1039 2010 nostrum.
1116 1966 1315 2010 Omnium
1354 1965 1428 2019 qui
1472 1969 1699 2019 supersunt

206 2028 398 2082 quamvis
428 2027 484 2069 sit
513 2027 849 2080 antiquissimus,
891 2031 1030 2069 tamen
1071 2026 1262 2078 sinqulos
1302 2026 1410 2067 locos
1448 2028 1700 2067 retractatos

207 2087 340 2130 habet.
405 2087 551 2139 Neque
580 2085 756 2138 mendis,
788 2085 918 2138 vitiis,
953 2084 1119 2127 lacunis
1133 2086 1149 2110 3
1179 2088 1305 2127 caret.
1345 2083 1541 2136 'Saepius
1570 2097 1699 2136 quam

148 2161 183 2186 ω
207 2145 331 2189 ceteri
349 2149 496 2188 contra
513 2144 683 2198 linquae
699 2144 887 2186 Latinae
908 2144 1077 2197 reculas
1089 2147 1258 2197 peccat;
1278 2143 1497 2184 verborum
1518 2142 1702 2185 scriben-

205 2206 355 2248 dorum
385 2204 497 2246 ratio
528 2219 555 2246 a
580 2203 749 2257 vulyari
774 2203 940 2256 recedit,
973 2207 1011 2245 et
1040 2203 1173 2244 multa
1200 2206 1300 2244 sunt
1325 2215 1432 2255 quae
1455 2201 1699 2255 scriptorem

208 2263 409 2307 Italicum
450 2263 711 2316 comprobent
721 2263 749 2304 4.
829 2262 962 2305 Cuius
1005 2261 1160 2304 codicis
1203 2260 1417 2304 lectionem
1458 2260 1629 2303 variam
1671 2275 1699 2302 a

210 2394 244 2435 1)
273 2391 494 2426 Bibliotheca
512 2390 714 2425 Casinensis
731 2390 773 2433 V,
795 2391 813 2426 1
839 2390 983 2433 (1894),
1006 2402 1041 2433 p.
1061 2390 1104 2425 71
1123 2399 1173 2433 sq.
1272 2390 1308 2432 2)
1337 2389 1397 2422 An
1422 2389 1523 2422 iussu
1544 2388 1703 2421 Wibaldi

208 2440 349 2473 abbatis
375 2439 594 2473 Corbeiensis
617 2441 648 2471 et
675 2438 907 2471 Casinensis?
956 2435 1058 2470 PER
1066 2436 1137 2472 TZ.
1189 2436 1246 2478 Cf.
1273 2438 1455 2479 specimen,
1491 2436 1583 2479 quod
1607 2436 1700 2469 dedit

149 2494 184 2519 35
218 2487 345 2528 Wmtz,
379 2486 441 2521 SS.
467 2485 542 2528 III,
566 2490 650 2528 post
678 2496 717 2528 p.
743 2486 813 2521 408
839 2484 889 2527 (I,
917 2486 1107 2528 praefat).
1157 2484 1206 2517 At
1238 2484 1399 2525 formam
1431 2484 1636 2517 litterarum
1669 2486 1701 2516 et

203 2535 419 2577 praesertim
442 2533 597 2566 initialis
622 2532 758 2566 litterae
782 2531 813 2566 P
838 2532 943 2566 talem
967 2542 1051 2574 esse,
1078 2536 1119 2565 ut
1142 2531 1267 2564 saltem
1291 2532 1396 2564 initio
1418 2540 1509 2566 saec.
1526 2531 1595 2565 XI.
1621 2533 1701 2564 iure

208 2582 400 2624 meritoque
418 2582 606 2623 assiqnari
622 2584 754 2623 posset,
775 2579 992 2622 Casincuses,
1011 2579 1106 2615 Bibl.
1124 2579 1146 2614 l.
1164 2579 1187 2614 l.
1208 2589 1247 2621 p.
1266 2580 1324 2621 71,
1349 2588 1464 2622 nuper
1480 2582 1701 2613 censuerunt.

209 2628 326 2672 Neque
348 2628 526 2662 silendum
549 2631 598 2662 est
622 2627 813 2661 Ambrosio
837 2627 968 2660 Amelli
991 2627 1084 2660 hunc
1109 2626 1255 2660 codicem
1279 2625 1365 2667 illis,
1399 2627 1465 2669 qui
1495 2625 1562 2658 sub
1592 2625 1702 2659 Theo-

210 2676 312 2710 baldo
337 2675 459 2709 abbate
484 2686 518 2710 a.
538 2676 639 2710 1023.
664 2675 795 2717 scripti
815 2678 909 2716 sunt,
933 2676 1116 2718 scriptura
1140 2677 1348 2717 comparata
1371 2673 1552 2716 aequalem
1575 2673 1701 2707 videri.

149 2734 186 2759 4ο
209 2725 246 2767 3)
277 2723 334 2765 Cf.
367 2735 403 2767 p.
431 2724 512 2766 109,
538 2733 573 2757 n.
600 2721 634 2757 k.
661 2733 695 2765 q.
725 2733 764 2765 p.
793 2723 872 2764 111,
896 2732 932 2756 n.
959 2733 994 2763 u,
1021 2721 1119 2757 alibi.
1215 2720 1252 2765 4)
1277 2720 1479 2754 Scribitur:
1511 2718 1700 2763 iudicabit,

210 2770 451 2804 iudicabimus
482 2780 555 2813 pro
592 2767 766 2803 iudicavit
803 2772 874 2812 etc„
910 2768 1121 2802 vervex-ibus
1153 2778 1224 2811 pro
1259 2766 1484 2810 verberibus,
1521 2765 1701 2810 cibilibus,

176 2835 180 2843 =
211 2819 396 2852 vestucam
430 2817 501 2851 loco
535 2816 734 2860 festucam3
769 2815 920 2850 structio
953 2826 1021 2859 pro
1054 2816 1204 2859 struti03
1243 2815 1392 2858 ioseppo
1424 2824 1498 2858 pro
1530 2813 1701 2858 ioseph03

211 2863 396 2918 impperm
422 2863 668 2917 dit-scandendi,
686 2874 935 2908 oppungnare‚
960 2862 1371 2916 hammapurgnensem5
1397 2861 1595 2905 scissitare3
1618 2871 1702 2905 pro·

153 2967 190 2992 4⁵
213 2911 573 3002 {Efffft’aeffgssssssfnffssg
597 2908 1703 3003 3:333?0333&22??;35;u31¹3¹1¹33ffssffliz'ffissssffissfssuffl
