2034 3380
365 323 409 358 56
959 317 1251 354 WIDUKINDI

269 449 350 484 936.
364 440 526 481 merito
559 440 866 494 progrediens,
899 441 952 481 ut
984 442 1114 495 pater
1137 441 1340 482 eiusdem
1366 440 1455 481 loci
1478 441 1846 491 constitueretur,

365 499 529 540 deinde
561 499 727 540 summi
757 499 1053 554 pontificatus
1075 499 1423 554 Mogontiacaea
1460 500 1579 540 sedis
1609 499 1848 554 fastigium

364 557 702 612 promeruisset.
764 557 855 600 Hic
892 560 990 600 erat
1021 558 1091 599 vir
1131 559 1272 600 mirae
1309 558 1569 599 sanctitatis
1610 560 1656 600 et
1697 560 1849 612 preter

363 616 622 659 naturalem
674 617 816 658 animi
866 617 1135 672 sapientiam
1189 612 1476 659 litterarumb
1526 617 1691 658 studiis
1738 617 1848 658 satis

364 675 526 717 clarus.
584 674 674 727 Qui
704 676 826 717 inter
857 678 1038 718 caetera
1070 676 1321 731 gratiarum
1355 677 1474 717 dona
1506 676 1718 730 spiritum
1750 689 1848 730 pro·
1873 688 1890 714 5

362 734 546 788 phetiae
591 735 818 789 accepisse
865 735 1140 789 predicatur.
1218 735 1278 776 Et
1325 749 1428 776 cum
1475 735 1682 789 quaestio
1730 737 1849 776 esset

362 793 632 847 pontificum
673 794 722 834 in
763 794 1069 835 consecrando
1108 807 1234 847 rege,
1277 793 1595 835 Τ1·8ν81·8118181
1634 793 1849 835 videlicet

362 854 409 894 et
439 852 656 894 Coloniae
687 851 994 907 Agrippinae*
1027 875 1085 879 —
1115 852 1253 903 illius,
1287 852 1419 906 quiae
1458 853 1688 906 antiquior
1720 853 1848 894 sedes
1875 866 1996 898 mas.

363 913 481 953 esset
528 914 574 953 et
620 913 856 965 tamquam
903 925 929 952 a
975 911 1111 952 beato
1157 907 1324 952 Petrod
1369 911 1577 965 apostolo
1628 911 1846 960 fundata

361 969 494 1010 istius
525 983 646 1019 vero,
680 970 786 1023 quia
827 970 950 1011 eiuse
989 970 1047 1010 ad
1089 969 1305 1011 diocesim
1339 969 1590 1023 pertineret
1620 969 1767 1010 locus:
1802 971 1848 1011 et
1875 986 1908 1011 ιο

362 1028 419 1069 ob
450 1028 499 1069 id
531 1028 618 1069 sibi
650 1028 891 1070 convenire
924 1028 1137 1069 arbitrati
1169 1030 1276 1069 sunt
1317 1028 1454 1069 huius
1495 1028 1848 1070 consecrationis

362 1087 580 1128 honorem
621 1109 692 1137 —-,
736 1087 872 1128 cessit
912 1089 1069 1129 tamen
1108 1089 1301 1141 uterque
1340 1100 1495 1129 eorum
1527 1082 1845 1128 Hildiberhtif

364 1145 540 1187 cunctis
573 1147 709 1187 notae
741 1146 955 1187 almitati.
1009 1145 1145 1200 Ipse²
1176 1148 1331 1188 autem
1363 1146 1583 1188 accedens
1615 1147 1674 1188 ad
1703 1145 1848 1188 altare

364 1206 410 1246 et
442 1206 624 1259 sumpto
656 1204 764 1246 inde
796 1205 950 1259 gladio
983 1219 1087 1246 cum
1119 1205 1287 1255 balteo,
1322 1218 1563 1247 conversus
1596 1205 1655 1246 ad
1695 1219 1849 1259 regem

363 1262 478 1304 ait3:
515 1263 725 1318 ‘Accipe',
759 1264 922 1317 inquit,
959 1264 1125 1305 ‘huncg
1150 1263 1368 1318 gladium,
1402 1277 1491 1317 quo
1524 1264 1660 1306 eicias
1692 1277 1848 1306 omnes
1875 1279 1908 1304 15

364 1321 536 1363 Christi
567 1322 861 1372 adversarios,
905 1322 1121 1364 barbaros
1153 1325 1199 1364 et
1231 1322 1375 1364 malos
1409 1322 1705 1373 Christianos,
1749 1335 1848 1364 auc-

363 1381 552 1422 toritate
585 1381 739 1422 divina
770 1381 856 1423 tibi
887 1381 1061 1422 tradita
1092 1381 1217 1423 omni
1247 1383 1478 1435 potestate
1503 1382 1646 1423 totius
1668 1381 1850 1436 imperii

362 1440 641 1481 Francorum
655 1440 683 1490 4,
733 1441 792 1481 ad
831 1440 1134 1481 firmissimam
1182 1454 1340 1495 pacem
1388 1440 1591 1481 omnium
1633 1439 1849 1492 Christia-

362 1498 552 1540 norum’.
630 1499 809 1541 Deinde
851 1494 1072 1553 sumptis¹¹
1124 1498 1316 1540 armillis
1356 1512 1409 1540 ac
1456 1498 1650 1540 clamide
1696 1499 1849 1540 induit

363 1571 486 1599 eum:
523 1557 622 1598 ‘His
655 1557 895 1607 cornibus'‚
937 1553 1134 1612 inquiti,
1170 1557 1448 1599 ‘humitenus
1490 1553 1719 1599 demissisi
1760 1571 1848 1600 mo·
1874 1573 1908 1598 20

364 1616 525 1666 nearis,
560 1629 649 1670 quo
682 1616 778 1658 zelo
810 1616 919 1658 fidei
949 1617 1140 1666 ferveas,
1175 1618 1221 1658 et
1251 1617 1300 1657 in
1332 1630 1444 1670 pace
1475 1616 1649 1658 tuenda
1690 1617 1849 1672 perdu-

361 1670 491 1716 rarek
527 1688 669 1729 usque
710 1675 759 1715 in
800 1676 937 1716 finem
979 1675 1172 1717 debere’.
1235 1675 1412 1717 Exinde
1445 1678 1627 1730 sumpto
1668 1677 1848 1730 sceptro

363 1733 638 1788 baculoque:
674 1733 773 1775 ‘His
806 1729 1007 1788 signisl’,
1041 1734 1205 1788 inquit,
1241 1734 1454 1776 ‘monitus
1486 1737 1679 1788 paterna
1719 1735 1848 1776 casti-

361 1793 546 1847 gatione
594 1792 823 1834 subiectos
871 1792 1100 1847 corripias,
1148 1793 1437 1848 primumque
1478 1793 1567 1835 Dei
1612 1793 1846 1843 ministris,

361 1851 510 1893 viduis
543 1865 596 1893 ac
628 1851 817 1906 pupillis
850 1865 1034 1893 manum
1076 1852 1413 1894 misericordiae
1453 1852 1679 1907 porrigas;
1721 1866 1847 1893 num·
1872 1866 1907 1892 25

361 1914 620 1964 quamquem
653 1911 708 1952 de
750 1911 900 1965 capite
932 1912 1013 1952 tuo
1045 1910 1195 1952 oleum
1229 1910 1532 1952 miserationis
1565 1911 1760 1961 deficiat,
1793 1912 1847 1952 ut

360 1969 409 2009 in
441 1969 642 2023 presenti
679 1971 726 2011 et
765 1970 815 2010 in
854 1969 1014 2011 futuro
1056 1970 1332 2024 sempiterno
1375 1970 1548 2024 premio
1590 1969 1846 2011 coroneris’.

360 2027 670 2082 Perfususque
710 2028 845 2070 ilico¹¹
882 2028 983 2070 oleo
1024 2030 1182 2070 sancto
1215 2030 1261 2070 et
1303 2030 1546 2070 coronatus
1588 2028 1847 2071 diademate

361 2100 498 2128 aureo
530 2087 586 2128 ab
619 2087 728 2142 ipsis
755 2087 1050 2142 pontificibus
1072 2087 1397 2129 Hildiberhto⁰
1427 2089 1473 2129 et
1497 2087 1845 2137 wichfridov·⁵,

362 2159 414 2187 ac
461 2146 585 2187 omni
632 2146 840 2201 legitima
887 2146 1227 2188 consecratione
1275 2146 1522 2201 completa,
1571 2146 1628 2188 ab
1676 2146 1845 2188 eisdem
1873 2160 1907 2186 30

360 2297 390 2326 a)
414 2296 455 2320 sic
471 2296 564 2328 Frut„
583 2296 633 2327 qui
654 2296 722 2320 aliis
746 2296 823 2328 locis,
849 2303 919 2328 quos
944 2303 1002 2321 non
1023 2302 1059 2320 ex
1077 2295 1148 2323 Wid.
1171 2296 1335 2327 assumpsit,
1361 2296 1547 2327 mogontinae
1571 2295 1680 2327 scribit,
1706 2297 1731 2320 et
1750 2295 1848 2326 Saxo,-

361 2331 551 2362 magunciace
575 2332 620 2362 A;
645 2331 831 2362 moguntiaee
856 2331 883 2356 B
897 2333 928 2363 13
955 2331 1147 2364 Mogonciace
1171 2331 1242 2364 1323
1268 2330 1452 2362 mogantiaca
1471 2331 1502 2356 Ο.
1585 2330 1615 2363 b)
1640 2330 1696 2358 litt.
1714 2338 1769 2358 om.v
1786 2331 1847 2358 Bi.

361 2365 390 2396 o)
415 2366 467 2396 qui
490 2367 535 2397 A,'
559 2364 639 2396 quod
665 2366 751 2394 Sanco.
859 2365 889 2398 d)
914 2369 1011 2398 apost.
1037 2369 1122 2398 petro
1134 2358 1237 2397 'siquis
1260 2356 1461 2398 superscriptis
1485 2373 1563 2394 corr.
1584 2368 1668 2398 petro
1693 2368 1787 2398 apost.
1812 2366 1847 2393 A.

362 2399 389 2432 e)
414 2399 454 2426 ad
473 2401 535 2426 eius
556 2402 586 2426 C.
606 2401 694 2428 Saxo.
779 2400 800 2434 f)
825 2402 865 2426 sic
884 2402 912 2426 h.
933 2402 952 2429 l.
972 2402 1010 2432 0,·
1029 2400 1210 2427 hildeberhti
1228 2402 1272 2432 A;
1291 2399 1445 2426 hildiberti
1464 2401 1527 2429 Bi.
1544 2401 1576 2434 23
1598 2400 1756 2427 hildeberti
1780 2401 1808 2428 h.
1827 2402 1846 2429 l.

362 2436 450 2464 Saxo.
484 2436 526 2467 Cf.
545 2444 636 2468 8upra
649 2444 682 2468 p.
697 2436 742 2468 55,
758 2444 787 2464 n.
802 2443 831 2461 u.
903 2437 933 2468 g)
952 2437 1007 2462 hoc
1026 2437 1057 2464 C.
1130 2437 1161 2467 h)
1181 2437 1321 2468 Desfiptis
1339 2435 1422 2467 (inde
1442 2437 1508 2467 om.)
1527 2437 1557 2464 G.
1630 2436 1651 2469 i)
1670 2437 1846 2462 humetenus
1873 2438 1908 2464 35

362 2470 500 2504 dimissis,
526 2471 624 2503 inquit
648 2472 717 2504 B2;
744 2472 870 2497 dimissis
894 2473 980 2496 etiam
1006 2472 1095 2499 Saxo.
1176 2472 1206 2502 k)
1230 2472 1394 2503 perducere
1419 2472 1482 2498 ΒΞ.
1566 2472 1588 2503 1)
1613 2472 1744 2505 insignis,
1771 2472 1848 2497 linea

353 2508 498 2538 perducta
516 2507 547 2532 in
565 2507 645 2534 delet.
664 2507 699 2534 A.
765 2506 806 2540 m)
818 2514 979 2538 numquam
993 2507 1082 2534 Saxo.
1147 2506 1178 2539 n)
1195 2507 1337 2532 Perfusus
1356 2508 1458 2538 itaque
1477 2507 1538 2534 Β2.
1605 2508 1633 2539 ο)
1647 2507 1795 2534 hilberhto
1809 2507 1848 2538 0,-

359 2541 520 2568 hildiberto
539 2543 626 2570 Saxo.
662 2542 706 2573 Ct'.
725 2549 817 2574 supra
835 2550 863 2571 n.
881 2543 900 2570 f.
972 2543 1004 2574 p)
1022 2543 1062 2568 sic
1081 2542 1142 2570 Bl.
1162 2543 1194 2575 2;
1214 2541 1351 2568 wicfrido
1371 2544 1406 2570 A.
1425 2543 1456 2570 C.
1477 2543 1564 2571 Saxo.

363 2673 398 2715 1)
427 2672 597 2715 Rotberti,
624 2683 658 2709 a.
684 2674 883 2716 931-956,
911 2673 1047 2714 fratris
1070 2671 1282 2706 Mahthildis
1305 2673 1460 2716 reqinae.
1495 2692 1541 2698 —
1574 2672 1800 2706 Eucharium
1825 2683 1849 2705 a

360 2718 398 2756 S,
423 2719 528 2753 Petro
553 2721 700 2753 missum
724 2730 802 2753 cum
833 2721 938 2754 sociis
968 2720 1149 2754 Treverim
1176 2721 1305 2754 venisse
1330 2721 1447 2763 ibique
1471 2719 1573 2761 fidem
1601 2719 1849 2753 Christianam
1873 2728 1909 2753 40

360 2767 515 2800 docuisse
530 2768 632 2810 vulyo
648 2767 874 2807 credebatm·;
889 2769 934 2810 cf.
955 2768 1060 2802 Gesta
1077 2768 1310 2801 Treverorum
1327 2777 1353 2802 c.
1370 2768 1425 2809 14,
1442 2766 1506 2802 SS.
1520 2766 1625 2808 VIII,
1641 2778 1678 2810 p.
1694 2767 1764 2802 144
1774 2777 1848 2810 sqq.

361 2812 397 2858 2)
436 2813 516 2849 Scit.
550 2814 789 2848 Hildibertus.
932 2814 968 2860 3)
1008 2815 1063 2857 Cf.
1099 2815 1140 2848 de
1175 2815 1236 2848 hoc
1264 2816 1336 2848 loco
1360 2814 1488 2856 Waitz‚
1516 2813 1619 2847 ‘VGJ
1645 2814 1698 2847 ed.
1722 2815 1756 2849 2.
1784 2813 1847 2856 VI,

358 2871 394 2903 p.
421 2861 490 2895 213
507 2871 579 2904 sqq.
699 2861 735 2906 4)
772 2861 829 2903 Cf.
864 2872 980 2906 supra
1007 2873 1048 2905 p.
1074 2863 1131 2904 51,
1158 2862 1181 2899 l.
1209 2863 1273 2897 1οῖ
1309 2860 1408 2894 omni
1436 2859 1661 2894 Francorum
1695 2859 1849 2904 imperio

360 2905 533 2951 prefecit3
559 2908 664 2950 infra
688 2908 764 2951 III,
788 2910 851 2944 57:
876 2910 955 2944 toto
980 2908 1206 2943 Francorum
1230 2907 1395 2952 imperio.
1516 2908 1551 2951 5)
1577 2908 1849 2953 Archiepisoopo

363 2954 562 2988 Coloniensi
588 2965 620 2990 α.
647 2957 846 2994 924-953,
1874 2963 1910 2989 45
