2034 3380
362 339 547 376 RERUM
573 340 856 377 GESTARUM
880 341 1258 377 SAXONIOARUM
1282 342 1380 380 LIB.
1405 342 1479 379 111.
1599 345 1668 380 109

177 461 478 503 ascendentes
498 475 591 503 non
613 462 823 513 sustinet,
846 462 1035 504 flumine
1057 462 1367 505 obvolvuntur
1388 467 1435 506 et
1457 467 1665 519 pereunt.
1680 470 1760 506 955.

177 520 244 561 Eo
277 521 350 562 die
383 522 534 562 castra
565 520 723 562 invasa.
763 521 1024 575 captivique
1065 536 1222 564 omnes
1263 524 1422 577 erepti,
1465 524 1667 565 secundo

178 579 252 621 die
299 593 351 621 ac
397 579 536 621 tertio
582 593 609 620 a
647 579 810 621 vicinis
855 580 1047 622 urbibus
1093 581 1273 635 reliqua
1320 582 1572 623 multitudo
1618 583 1668 623 in

177 641 362 679 tantum
394 640 664 693 consumpta
695 641 777 689 est,
820 642 874 680 ut
909 639 1067 680 nullus
1108 642 1190 681 aut
1228 654 1358 682 rarus
1400 641 1665 692 evaderet²;

136 712 153 737 5
178 698 259 739 sed
299 711 392 738 non
435 692 576 739 adeob
618 697 863 739 incruenta
905 699 1127 740 victorial
1166 699 1260 740 fuit
1300 700 1357 741 de
1396 702 1492 741 tam
1534 714 1669 742 saeva

178 758 330 810 gente.

319 814 513 856 XLVII.
562 814 858 857 Guonradus0
884 817 1054 871 quippe
1084 814 1204 858 duxd
1230 818 1416 859 fortiter
1443 831 1666 872 pugnans,

179 874 320 914 animi
350 874 530 915 fervore
561 874 760 928 solisque
797 875 972 926 ardore,
1015 876 1094 930 qui
1135 889 1188 918 eo
1230 876 1304 918 die
1344 877 1513 918 nimius
1554 879 1666 927 era-t,

179 945 396 974 accensus
455 935 658 983 aestuat,
711 933 964 988 vinclisque
1022 932 1248 988 [loricaee]
1309 931 1501 977 solutisf
1558 936 1666 977 dum

121 1007 154 1031 ιο
179 1005 338 1032 aura-m
361 994 518 1046 captat
531 992 559 1043 ²,
582 992 771 1034 vulnere
794 994 991 1048 sagittae
1018 994 1238 1036 adversog
1262 996 1466 1048 gutturis
1493 995 1668 1037 defixae

180 1050 317 1092 cadit.
389 1050 532 1092 Cuius
579 1064 741 1105 corpus
786 1052 917 1093 iuxta
962 1053 1083 1107 regis
1128 1053 1372 1108 imperium
1418 1054 1668 1096 honorifice

179 1109 426 1151 collectum
471 1111 814 1165 transportatur
852 1107 1182 1153 Wormatiamh
1232 1113 1387 1166 ibique
1433 1113 1667 1167 sepelitur,

178 1169 249 1209 vir
298 1169 425 1210 omni
474 1169 647 1211 virtute
699 1170 871 1210 animi3
922 1173 970 1212 et
1021 1172 1223 1226 corporis
1280 1186 1473 1226 magnus
1530 1174 1669 1226 atque

177 1227 393 1278 famosus,
411 1241 530 1268 *cum
563 1227 677 1270 fletu
709 1230 756 1270 et
787 1229 979 1283 planctu
1009 1230 1213 1271 omnium
1247 1231 1528 1272 Francorum
1540 1230 1569 1270 4.

120 1299 153 1325 15
320 1286 542 1327 XLVIII.
594 1283 704 1329 Tres
737 1288 875 1330 duces
907 1289 1058 1343 gentis
1090 1285 1344 1343 Ungariaei
1386 1290 1511 1344 capti
1548 1290 1669 1331 duci-

179 1358 266 1399 que
307 1345 528 1387 Heinrico
569 1347 823 1400 presentati
862 1343 1019 1389 malak
1055 1351 1214 1399 morte,
1256 1350 1310 1389 ut
1352 1349 1482 1403 digni
1521 1350 1666 1398 erant,

178 1400 394 1445 multatik
429 1400 583 1455 sunt¹,
628 1406 874 1460 suspendio
905 1420 1103 1461 namque
1135 1410 1413 1462 crepuerunt
1426 1407 1454 1448 5.

319 1463 570 1504 XLVIIII.
620 1464 872 1519 Triumpho
904 1466 1075 1508 celebri
1105 1480 1184 1508 rex
1214 1467 1412 1508 factusm
1442 1466 1669 1521 gloriosus

180 1521 236 1562 ab
270 1522 475 1563 exercitu
505 1525 637 1576 pater
667 1524 843 1578 patriae
874 1525 1215 1579 imperatorque
1247 1526 1508 1580 appellatus
1546 1525 1666 1575 est⁶;

120 1594 155 1619 20
180 1580 376 1622 decretis
407 1581 599 1635 proinde
639 1582 889 1624 honoribus
930 1586 978 1626 et
1018 1584 1169 1639 dignis
1207 1584 1424 1626 laudibus
1465 1597 1668 1626 summae

180 1639 415 1680 divinitati
459 1653 541 1694 per
584 1641 787 1695 singulas
828 1642 1061 1693 ecclesias,
1104 1646 1151 1685 et
1191 1644 1279 1685 hoc
1318 1644 1441 1685 idem
1483 1646 1668 1684 sanctae

179 1699 317 1739 matri
363 1699 460 1740 eius
506 1712 588 1753 per
626 1700 814 1742 nuntios
855 1702 1183 1752 demandans¹¹‚
1226 1715 1328 1743 cum
1368 1703 1574 1756 tripudio
1615 1715 1667 1743 ac

179 1770 358 1798 summa
387 1757 568 1800 laetitia
600 1758 844 1800 Saxoniam
876 1760 1024 1802 victor
1054 1774 1261 1803 reversus
1293 1775 1320 1802 a
1350 1761 1521 1816 populo
1553 1764 1662 1802 suo⁰

178 1815 481 1858 libentissime
512 1817 774 1872 suscipitur.
827 1818 989 1873 Neque
1021 1820 1141 1861 enim
1174 1822 1308 1861 tanta
1331 1820 1522 1862 victoria
1552 1820 1669 1874 quis-

117 1887 153 1913 25
178 1888 314 1928 quam
346 1889 507 1930 regum
537 1876 661 1917 intra
697 1877 948 1919 ducentosp
986 1878 1159 1920 annos⁷
1190 1881 1298 1920 ante
1330 1892 1433 1920 eum
1466 1879 1668 1921 laetatus

178 1936 260 1975 est.
322 1930 484 1988 [Namq
520 1935 608 1989 ipsi
640 1935 763 1978 bello
794 1936 1027 1991 Ungarico
1059 1937 1251 1980 aberant
1263 1938 1292 1989 ⁸,
1327 1937 1669 1980 Solavanicor·⁹

178 1993 418 2034 certamini
447 1990 698 2048 reservati}

177 2094 207 2126 a)
231 2095 273 2119 sic
295 2097 322 2120 et
346 2095 427 2122 Frut.
452 2098 478 2120 et
502 2096 581 2121 Saoeo
605 2098 631 2120 α
654 2096 763 2127 St'qel'd
790 2096 957 2124 diseederet
974 2098 1010 2125 A.
1101 2098 1131 2131 b)
1155 2097 1231 2124 adeo
1257 2107 1314 2125 om.
1341 2100 1371 2127 C'.
1462 2101 1489 2130 0)
1514 2097 1669 2125 Conradus

178 2131 212 2157 A.
231 2130 258 2154 B
268 2131 292 2157 1.
311 2130 342 2157 C.
361 2131 454 2162 Siyeb.
471 2130 558 2158 Saxo.
577 2131 654 2159 Anu.
666 2128 789 2163 Mayffls
800 2132 955 2159 Ouaradus
973 2134 1041 2166 1323
1062 2133 1258 2160 Chuonradus
1276 2135 1360 2162 Frut.
1431 2135 1461 2166 d)
1479 2133 1574 2160 redux
1593 2141 1671 2162 corr.

119 2166 153 2190 30
178 2166 238 2190 dux
262 2166 331 2198 1315
359 2165 421 2191 dux
445 2166 555 2198 quippe
581 2167 612 2194 C.
701 2166 730 2199 e)
753 2168 794 2192 εἰσ
819 2169 857 2196 Δ.
877 2169 961 2196 Frut.
986 2170 1061 2196 Arm.
1085 2170 1208 2201 Mayd.;
1235 2170 1288 2198 lor.
1314 2177 1369 2197 om.
1395 2170 1422 2194 Β
1438 2171 1464 2196 1.
1486 2170 1512 2197 2.
1532 2170 1562 2197 0,
1581 2170 1672 2197 Saxo.

178 2200 202 2233 f)
219 2201 333 2226 solutus
352 2201 414 2228 Bl.
490 2203 520 2233 g)
539 2201 570 2226 in
588 2200 716 2227 aduerso
735 2203 816 2230 Frut.
842 2217 876 2222 —
899 2207 1020 2236 gutture
1040 2205 1130 2232 Saxo.
1202 2205 1234 2237 h)
1252 2206 1437 2231 Vormaeiam
1456 2205 1525 2238 1323
1550 2212 1670 2230 uui-ma-

179 2236 251 2261 tiam
269 2237 308 2267 0,·
332 2237 522 2262 wormaciam
539 2237 623 2264 Frut.
641 2237 728 2265 Saxo.
818 2239 839 2269 i)
864 2241 1023 2271 ungaricae
1040 2240 1124 2267 Frut.
1214 2240 1247 2272 k)
1271 2241 1349 2266 mala
1367 2254 1403 2259 —-
1421 2241 1539 2266 multati
1564 2247 1619 2268 om.
1640 2241 1669 2268 C.

178 2270 200 2303 1)
218 2275 287 2297 sunt
305 2279 362 2299 om.
378 2272 442 2299 132.
503 2273 544 2303 m)
561 2273 636 2305 glor.
655 2273 752 2298 factus
772 2274 804 2300 C.
824 2274 912 2302 Saxo.
975 2275 1006 2308 11)
1025 2278 1058 2300 ut
1077 2276 1145 2303 add.
1164 2275 1195 2303 G.
1257 2278 1286 2307 0)
1305 2283 1357 2301 suo
1377 2283 1433 2303 om.
1454 2277 1480 2300 R
1492 2276 1518 2304 2.
1572 2275 1603 2309 p)
1622 2275 1670 2301 CC

177 2307 205 2331 Β
219 2307 245 2335 2,
335 2306 365 2339 q)
390 2308 466 2333 Nam
490 2307 548 2340 ipsi
566 2322 602 2327 —
620 2309 768 2334 reservati
793 2316 848 2337 om.
868 2310 891 2334 G
907 2310 959 2341 (cs.
976 2311 1062 2336 Frut.
1082 2311 1181 2343 Saxa),
1201 2318 1274 2343 quae
1294 2312 1453 2342 ylossatori
1477 2312 1592 2336 cuidam
1617 2312 1670 2335 tri-

119 2342 154 2368 35
178 2342 262 2367 buere
285 2343 374 2368 voluit
392 2343 493 2374 Wai!z‚
517 2343 568 2368 sod
586 2343 759 2369 Wdukindo
777 2344 835 2376 ipss*
853 2346 1031 2370 adiudicam'c
1056 2347 1091 2371 de
1108 2347 1231 2379 Simeon,
1258 2347 1306 2374 (Ν.
1325 2345 1448 2372 ΑνεῘιὶο’
1467 2347 1535 2379 XV,
1555 2354 1588 2378 p.
1607 2347 1669 2378 566,

178 2385 205 2405 n.
225 2379 248 2405 1.
321 2379 347 2409 r)
364 2378 516 2403 slauanico
536 2379 578 2410 A;
597 2378 773 2405 Sclauonieo
792 2380 852 2408 132,

181 2460 215 2502 1)
236 2459 381 2495 Sallust.
401 2460 476 2496 Cat.
493 2471 520 2496 c.
539 2462 604 2497 61:
629 2472 747 2506 neque
771 2465 895 2497 tamen
919 2463 1099 2498 exercitus
1125 2492 1133 2499 .
1161 2492 1168 2499 .
1195 2463 1329 2498 laetam
1355 2467 1418 2498 aut
1439 2463 1669 2498 incruentam

178 2506 367 2540 victoriam
393 2506 545 2551 adeptus
570 2510 659 2544 erat.
710 2510 766 2550 Cf.
791 2519 906 2554 supra
925 2522 964 2554 p.
984 2512 1042 2554 17,
1065 2511 1087 2544 l.
1108 2512 1164 2547 12.
1261 2512 1299 2555 2)
1325 2512 1458 2554 Verqil.
1485 2511 1612 2554 Georq.
1637 2512 1669 2553 I,

179 2564 208 2588 v.
235 2554 326 2588 376:
361 2553 521 2598 captavit
552 2554 700 2589 naribus
734 2566 849 2592 auras.
986 2557 1022 2602 3)
1057 2558 1204 2594 Sallust.
1231 2559 1306 2593 Cat.
1341 2569 1368 2594 c.
1394 2560 1461 2594 53:
1494 2558 1670 2592 virtutem

120 2607 155 2633 40
180 2599 292 2634 animi
317 2599 364 2634 ad
388 2600 529 2635 caelum
555 2600 679 2635 ferunt
704 2630 712 2637 .
740 2630 748 2637 .
776 2630 784 2638 .
810 2603 929 2637 clarus
953 2606 1063 2648 atque
1087 2615 1242 2650 magnus
1266 2604 1433 2641 habetur.
1545 2605 1583 2649 4)
1611 2605 1668 2646 Cf.

178 2648 274 2682 Ann.
318 2647 419 2683 Corb.
466 2658 499 2683 a.
542 2649 631 2684 955:
675 2647 863 2683 Conradus
904 2661 1026 2685 comes
1066 2651 1224 2695 occisus3
1266 2654 1303 2685 et
1342 2651 1593 2696 Ungariorum
1633 2653 1670 2684 et

179 2692 393 2728 Selavorum
430 2694 611 2729 exercitus
648 2706 669 2729 a
705 2706 791 2741 rege
828 2695 982 2732 Oddone
1018 2697 1168 2733 deletus.
1314 2699 1350 2743 5)
1390 2699 1447 2740 Cf.
1484 2698 1670 2731 Dz'lmmler

174 2751 214 2783 p.
249 2742 318 2777 261
339 2752 392 2785 sq.
522 2742 558 2787 6)
593 2742 759 2776 Eundem
791 2743 959 2778 honoram
991 2745 1163 2779 Heinrico
1195 2745 1229 2788 I,
1260 2749 1452 2790 postquam
1491 2746 1671 2788 Unyarios

180 2788 228 2820 ad
250 2788 366 2822 Riade
394 2789 486 2831 vicit,
519 2790 694 2823 tributum
727 2800 798 2824 esse
832 2795 958 2824 audor
989 2802 1105 2835 supra
1132 2803 1172 2835 p.
1198 2793 1256 2835 50,
1282 2794 1305 2827 l.
1332 2794 1354 2828 2
1371 2803 1422 2836 oq.
1455 2793 1558 2826 nobis
1585 2803 1669 2835 per-

121 2840 156 2866 46
179 2835 329 2868 suadere
360 2835 502 2872 volebat.
562 2836 618 2878 Cf.
653 2837 782 2880 K6pke
812 2849 848 2881 p.
876 2839 1079 2874 164—166.
1202 2840 1238 2882 7)
1267 2840 1321 2872 De
1349 2839 1488 2872 Karoli
1508 2839 1673 2872 Martelli

180 2882 349 2924 viam-ia,
390 2893 498 2926 quam
533 2894 567 2919 a.
598 2885 678 2920 732.
717 2895 740 2916 α
776 2884 990 2919 Sarraoenis
1026 2886 1174 2930 adeptus
1208 2890 1277 2927 est,
1317 2887 1486 2928 cogitasse
1520 2887 1669 2922 videtur.

181 2927 218 2967 8)
257 2927 428 2962 Similiter
466 2940 581 2973 supra
617 2942 655 2974 p.
691 2932 776 2971 106,
821 2931 843 2967 l.
879 2933 921 2967 9:
961 2930 1058 2966 Nam
1094 2931 1172 2977 ipse
1207 2932 1306 2967 bello
1348 2932 1495 2967 interim
1531 2933 1669 2969 aberat.

181 2975 219 3017 9)
250 2974 343 3010 Ibid.
369 2986 409 3018 p.
436 2977 516 3019 105,
547 2978 571 3012 l.
598 2979 660 3013 17:
692 2977 790 3022 quod
815 2978 887 3012 iam
911 2978 1050 3013 bellum
1075 2978 1331 3014 Sclavanicum
1355 2982 1514 3025 urgeret.
