2034 3380
388 326 573 362 RERUM
598 324 880 362 GESTARUM
903 324 1281 362 SAXONIGARUM
1306 326 1404 364 LIB.
1429 326 1462 364 I.
1625 329 1674 364 20

7 448 10 449 ⁷
39 464 158 497 τρυε.
185 448 313 491 ‘Hac
358 449 503 503 igitur
545 447 736 503 perfidia
781 447 892 501 quid
966 447 1036 488 dis
1046 448 1240 489 antistes
1250 448 1672 500 nomineHattho⁰‚

183 507 442 562 nequiusa?
520 508 743 549 Attamen
798 519 892 547 uno
965 509 1128 548 acutus
1169 507 1372 557 consilio,
1409 521 1513 550 acer
1551 509 1674 564 inge-

184 567 336 622 capite
367 579 497 608 caeso
536 565 787 607 multorum
824 579 892 607 ca·
963 565 1042 607 nio
1055 566 1084 614 3,
1126 568 1174 607 et
1203 566 1284 620 qui
1322 567 1546 609 varietate
1586 567 1676 609 sibi

183 627 283 681 pita
350 624 623 681 populorum
642 624 659 649 1
718 623 892 666 salvan·
965 627 1185 667 consueta.
1234 625 1406 667 multos
1456 626 1676 668 mortales

142 700 159 725 5
182 681 306 726 turb.
377 684 439 725 Et
480 684 591 738 quid
633 683 796 725 melius
837 697 891 726 eo
964 685 1244 739 precederet.
1349 684 1440 727 Hic
1516 684 1676 727 volens

183 743 387 794 consilio,
419 756 510 797 quo
541 743 770 784 discordia
805 743 891 784 dis·
964 743 1145 799 placere
1174 744 1275 799 regi
1306 743 1516 786 Conrado
1538 744 1676 785 Fran—

182 802 438 845 solveretur
474 804 522 844 et
558 816 647 857 pax
684 802 891 844 reddere·
965 816 1212 857 corumque
1282 803 1420 844 simul
1487 803 1674 858 populo,

181 861 320 903 tur2‘?
381 861 450 903 Ea
478 861 636 916 itaque
669 862 891 904 varietate
964 864 1064 904 arte
1095 862 1234 904 solita

182 921 331 962 virum
375 921 509 963 nobis
555 921 736 976 proprie
783 935 811 962 a
855 935 1034 963 summa
1084 918 1358 964 clementia‘1
1409 935 1674 964 concessum

125 996 159 1021 ιο
183 993 425 1036 aggressus
456 982 538 1029 est,
571 980 775 1034 fecitque
807 980 850 1022 ei
881 982 1090 1035 torquem
1116 981 1332 1023 auream4
1361 981 1594 1031 fabricari,
1628 983 1677 1023 et

182 1039 399 1081 invitavit
440 1039 499 1080 ad
540 1039 821 1090 convivium,
864 1053 954 1094 quo
994 1040 1174 1095 magnis
1215 1040 1272 1082 ab
1314 1054 1367 1082 eo
1408 1040 1677 1083 muneribus

396 1168 490 1210 suis
520 1168 747 1210 militibus
779 1169 1018 1211 divideret.
1082 1169 1290 1212 Hattho⁰
1329 1172 1484 1212 autem
1514 1171 1677 1213 videns

39 1243 158 1276 ¹p.428.
395 1227 489 1269 suis
520 1227 697 1269 artibus
729 1228 865 1270 finem
902 1229 1201 1284 impositum⁵
1231 1229 1573 1284 Saxonumque*
1602 1243 1676 1272 res

395 1287 646 1336 florescere,
689 1287 833 1329 nimia-
862 1288 1062 1330 tristicia
1092 1302 1145 1330 ac
1177 1288 1336 1331 morbo
1367 1289 1542 1344 pariter
1573 1302 1675 1331 con·

127 1360 160 1386 1⁵
395 1345 561 1396 fectus,
594 1359 687 1388 non
718 1349 823 1401 post
854 1347 1025 1389 multos
1057 1347 1154 1390 dies
1187 1348 1416 1399 deficiens,
1451 1348 1573 1390 diem
1605 1362 1674 1390 ex-

396 1408 596 1447 tremum
647 1405 785 1456 obiit;
838 1406 909 1448 vir
958 1420 1124 1462 magne
1175 1407 1443 1463 prudentie,
1497 1410 1544 1450 et
1595 1408 1675 1462 qui

396 1467 603 1520 tempore
655 1464 889 1508 Ludewici
940 1465 1244 1509 adolescentis
1295 1480 1432 1523 super
1481 1467 1676 1522 imperio

398 1523 680 1565 Francorum
713 1525 807 1567 acri
839 1539 948 1567 cura
969 1525 1205 1580 vigilabat,
1229 1526 1400 1568 multas
1423 1526 1675 1568 discordia-s

395 1582 446 1623 in
474 1596 617 1638 regno
646 1584 988 1635 reconciliabat,
1018 1584 1246 1640 templum
1266 1585 1508 1641 Maguntie
1529 1585 1675 1627 nobili

124 1657 160 1682 20
397 1644 629 1684 structura
658 1642 939 1685 illustrabat·
995 1652 1163 1696 Sequitur
1191 1664 1268 1698 cap.
1293 1653 1444 1689 XXIII.

182 1767 212 1800 a)
231 1769 363 1796 Meibom.
381 1769 421 1793 ad
439 1768 513 1793 hunc
530 1769 621 1794 locum
636 1777 669 1801 p.
681 1770 717 1795 49
733 1770 832 1802 (675).·
852 1771 923 1798 (ΜΒ.
941 1771 1037 1796 Codex
1055 1771 1123 1803 leyn't
1140 1771 1291 1804 iniquius'.
1362 1771 1393 1804 b)
1411 1772 1457 1797 hic
1469 1778 1580 1804 quoque
1588 1772 1676 1804 pon-'t

182 1805 295 1866 3¹22·th
314 1805 557 1872 gnterrggtustiigrge
567 1805 646 1868 ΖΒΔΞ.
739 1806 767 1839 c)
790 1806 892 1832 Batho
917 1813 994 1834 corr.
1014 1807 1128 1833 Hattho
1146 1808 1178 1836 0.
1267 1806 1300 1840 d)
1323 1808 1499 1840 clementiae
1518 1815 1595 1836 corr.
1614 1807 1674 1842 ⁰¹9·

184 1936 218 1977 1)
262 1934 315 1977 Cf.
352 1935 396 1970 Β.
433 1935 474 1968 de
511 1934 668 1978 Simeon,
707 1936 763 1971 (Ν.
802 1936 954 1970 Archiv'
991 1937 1078 1980 XV,
1114 1949 1152 1982 Ρ.
1188 1940 1275 1981 571,
1312 1949 1348 1974 n.
1384 1940 1416 1973 1.
1541 1939 1577 1982 2)
1617 1940 1675 1981 Cf.

124 1991 159 2016 25
183 1981 323 2015 Simson
359 1983 382 2017 l.
417 1982 441 2018 l.
477 1993 512 2020 n.
547 1984 580 2017 2.
622 2001 667 2007 -
707 1983 880 2027 Hattoni,
916 1985 1010 2027 quod
1044 1985 1280 2018 Adalbertum
1315 1987 1492 2029 comitem,
1533 1989 1574 2018 ut
1607 1997 1674 2020 sua

183 2039 219 2062 se
251 2032 373 2073 sponte
404 2029 591 2072 subiceret,
627 2032 826 2073 commovit,
861 2035 939 2064 tum
967 2032 1160 2075 perfidiose
1193 2033 1355 2075 admisit,
1389 2036 1429 2065 ut
1461 2034 1678 2076 supplicium

184 2076 230 2109 ab
262 2085 302 2109 eo
332 2079 545 2119 sumeretur,
579 2079 668 2110 recte
700 2077 880 2110 obiciatur
911 2089 960 2112 an
992 2088 1083 2121 non,
1116 2079 1308 2122 explorari
1329 2082 1458 2123 nequit.
1507 2081 1676 2114 Attamen

183 2123 388 2164 fabulosam
423 2124 630 2156 memoriam
665 2124 706 2157 de
742 2124 914 2159 Haitonis
949 2126 1106 2170 perfidia
1141 2127 1181 2160 in
1216 2126 1449 2160 Adalbertum
1490 2129 1675 2161 commissa

191 2170 406 2204 Widukindi
427 2173 578 2215 tempore
608 2172 683 2204 iam
715 2173 872 2205 extitisse
904 2172 1171 2207 demonstratur
1193 2173 1431 2218 Liudprandi
1452 2174 1680 2218 Antapodosi

125 2228 160 2254 30
182 2217 237 2260 II,
254 2219 289 2260 6,
311 2217 375 2253 SS.
392 2228 426 2253 r.
446 2218 488 2253 G.
511 2229 547 2262 Ρ.
565 2219 612 2253 30
624 2228 711 2261 sqq„
736 2221 796 2252 cui
808 2223 928 2253 noster
941 2222 1050 2254 ettam
1064 2221 1247 2255 nonnullis
1262 2222 1350 2255 aliis
1366 2221 1451 2255 locis
1466 2223 1674 2258 assentitur.

184 2264 326 2298 Similia
342 2265 383 2299 de
392 2265 581 2299 Adalherti
593 2266 767 2310 sumptioni
782 2268 934 2300 tradunt
949 2278 993 2302 ex
1008 2279 1153 2302 rumore
1165 2269 1341 2312 populari
1350 2269 1594 2304 Ekkehardus
1604 2269 1674 2305 IV.

183 2312 315 2355 (Cusus
330 2312 366 2348 S.
386 2312 496 2355 Galli,
513 2312 577 2347 SS.
596 2313 649 2355 II,
668 2325 705 2357 Ρ.
723 2315 798 2356 83),
819 2313 898 2348 Otto
913 2315 1161 2358 Frisinyensis
1175 2316 1326 2358 (Chron.
1342 2317 1404 2359 VI,
1424 2318 1480 2359 15,
1503 2317 1567 2352 SS.
1585 2317 1673 2359 XX,

179 2371 218 2404 Ρ.
231 2361 328 2399 235).
402 2361 438 2403 3)
452 2359 600 2393 Sallust.
612 2360 693 2403 qu.
711 2371 738 2396 c.
751 2363 771 2396 7
780 2372 796 2402 ,·
811 2363 855 2404 cf.
869 2372 985 2407 supra
996 2374 1036 2406 Ρ.
1052 2365 1109 2406 10,
1123 2363 1145 2398 l.
1159 2365 1217 2402 20.
1290 2365 1328 2408 4)
1343 2364 1507 2408 Apparet
1520 2365 1679 2408 intelleyi

183 2417 258 2440 una
281 2407 323 2440 de
347 2408 396 2441 eis
420 2407 563 2449 catenis,
587 2417 676 2451 quae
699 2418 745 2441 ex
769 2410 931 2453 opinione
954 2411 1054 2454 vulqi
1067 2414 1184 2454 erant,
1200 2411 1320 2455 quales
1338 2422 1504 2456 quemque
1518 2413 1674 2445 vinetum

82 2468 85 2471 ⁴
126 2464 160 2490 35
180 2454 361 2498 paulatim
385 2456 504 2488 artius
533 2465 570 2488 se
602 2455 848 2490 contrahentes
881 2457 1091 2493 oblidebant.
1150 2458 1228 2492 Hoc
1254 2460 1496 2503 permiciosum
1528 2460 1676 2493 collaris

185 2501 382 2543 artificium
405 2501 616 2535 alustratur
638 2502 778 2537 duabus
801 2505 995 2538 simillimis
1011 2506 1299 2549 narrationibus,
1316 2507 1432 2539 altera
1447 2518 1470 2540 a
1487 2506 1673 2549 Leibnitio,

185 2549 281 2583 Ann.
307 2548 397 2592 Imp.
422 2548 476 2590 ΙΙ,
494 2560 534 2593 Ρ.
559 2550 642 2592 263,
676 2560 721 2583 eoe
754 2551 1050 2586 Walkenredanis
1081 2555 1315 2587 monumentis
1337 2554 1533 2598 desumpta,
1557 2554 1677 2587 altera

185 2605 208 2628 a
250 2595 415 2629 Conrado
454 2595 581 2639 Stolle,
621 2596 829 2631 Memoriale
869 2599 1366 2643 (thu‘rinyzsch-erfurtische
1404 2601 1582 2639 Chronik)
1621 2601 1673 2637 ed.

184 2642 229 2677 R.
261 2642 378 2676 Thiele
410 2646 472 2685 (=
499 2643 773 2688 ‘Geschiehtsqw
798 2646 833 2680 d.
857 2645 922 2682 Pr.
947 2646 1113 2681 Saehsen'
1139 2647 1328 2686 XXXIX)
1349 2658 1386 2691 Ρ.
1412 2650 1484 2684 453
1499 2658 1563 2691 sq„
1582 2659 1675 2692 pro-

125 2699 162 2725 40
183 2690 272 2724 lata.
331 2690 384 2732 Cr.
419 2690 646 2725 Waltharius
682 2702 712 2727 v.
743 2693 848 2735 1059,
881 2693 932 2729 ed.
967 2693 1006 2729 J.
1039 2694 1181 2728 Grimm
1214 2707 1250 2739 Ρ.
1276 2697 1339 2736 39,
1375 2696 1424 2737 cf.
1455 2706 1496 2738 Ρ.
1522 2697 1568 2731 72
1603 2696 1674 2739 (ed.

184 2735 232 2772 H.
249 2737 383 2779 Althof
397 2748 437 2781 Ρ.
454 2739 518 2778 93)
527 2749 541 2771 .·
564 2736 635 2772 His
659 2737 766 2773 dictis
789 2742 959 2784 torquem
974 2741 1069 2775 collo
1087 2741 1328 2776 circumdedit
1348 2752 1512 2778 aureum.
1551 2742 1675 2776 Etiam

186 2784 250 2826 qui
279 2783 536 2818 Widukindum
572 2787 836 2830 ascripserunt
871 2788 986 2822 locum
1021 2792 1143 2823 nostro
1178 2799 1284 2823 sensu
1319 2790 1547 2834 interpretati
1579 2794 1673 2826 sunt.

194 2829 387 2866 Thietmar.
418 2832 450 2875 I,
473 2834 506 2876 ¹7,
539 2832 603 2868 SS.
627 2844 660 2869 r.
689 2833 731 2869 G.
760 2846 803 2879 Ρ.
827 2836 869 2871 5:
902 2836 1070 2879 torquem
1104 2846 1268 2879 aureum,
1300 2835 1339 2870 in
1373 2847 1444 2881 quo
1477 2835 1674 2872 Heinricus

188 2875 305 2911 occidi
320 2877 480 2923 deberet,
497 2878 590 2914 mira
607 2883 685 2915 arte
701 2885 759 2917 etc.
770 2892 786 2923 ;
811 2881 979 2925 Siyebert.
996 2883 1058 2918 SS.
1078 2882 1139 2926 VI,
1161 2895 1198 2928 p.
1215 2885 1286 2920 346
1296 2899 1306 2919 .-
1328 2886 1496 2928 torquem
1513 2895 1674 2927 auream,

129 2934 164 2959 45
188 2933 280 2967 quae
304 2924 398 2960 collo
422 2926 524 2962 ducis
547 2938 670 2962 secum
695 2928 921 2963 convivantis
944 2929 1154 2966 iniceretur.
1274 2931 1311 2975 5)
1350 2931 1407 2974 Cf.
1441 2933 1482 2967 de
1515 2933 1578 2966 hoc
1605 2932 1678 2966 loco

188 2980 276 3014 quae
299 2973 338 3005 in
355 2975 583 3016 praefatione
605 2975 694 3011 disci.
