2034 3380
790 300 1099 339 PRAEFATIO.
1534 302 1691 338 XXVH

196 430 414 472 restituta
446 446 473 474 a
506 425 636 488 papis
676 425 1031 480 imperatoribus
1062 425 1310 467 Romanis1
1342 440 1381 467 a.
1420 429 1546 470 1414.
1588 439 1690 468 com·

189 488 330 541 posito
369 496 552 534 secutum
591 496 678 525 esse
718 487 908 525 nostrum
947 482 1098 525 statuit
1126 483 1336 536 Lindner,
1372 483 1691 538 ‘Eoo-schunyen

198 561 234 589 Ζ.
267 547 325 589 D.
364 548 527 593 Geseh?
562 542 702 594 XXI,
734 557 781 596 p-
817 546 871 583 90
886 543 915 582 ²-

339 607 610 651 Posterorum
639 601 844 646 editorum
880 605 1051 654 praeter
1081 601 1330 644 Martinam
1362 603 1529 655 Frecht,
1571 617 1692 656 quem

155 682 173 708 5
196 678 329 718 supra
367 667 701 715 memoravimus,
747 675 867 703 nemo
908 660 1045 703 codice
1083 661 1169 702 ullo
1208 660 1422 715 deperdito
1461 676 1563 704 usus
1605 677 1692 705 esse

195 722 373 779 videtur,
405 728 479 770 sed
508 740 650 769 munes
670 719 894 764 editionem
916 719 1158 774 principem
1179 719 1325 763 recudi
1344 720 1548 773 fecerunt,
1572 721 1693 763 euius

195 784 349 826 menda
379 784 449 829 hic
479 785 568 829 illie
599 799 651 828 ex
681 782 724 823 A
755 779 841 822 sive
879 779 915 822 G
943 779 1084 822 tollere
1113 780 1377 822 studuerunt.

331 844 648 888 -Freehtianam
698 839 922 884 editionem
973 838 1128 881 codicis
1174 838 1433 882 Dresdensis
1480 836 1543 889 (A
1538 842 1566 894 )
1620 854 1693 893 ope

196 901 430 946 Reinerum
454 903 726 947 Reineccium
756 899 997 942 emendasse
1026 898 1116 940 iam
1144 898 1344 940 diximus.
1404 898 1536 941 Gaius
1566 898 1693 942 editio

138 978 173 1004 ιο
196 960 476 1006 inscribitur:
506 964 711 1006 Annales
740 959 1016 1001 Witiehindi
1048 959 1262 1000 monachi
1295 958 1594 1009 Corbeiensis,
1628 959 1692 1001 fa.-

197 1021 353 1064 miliae
378 1024 728 1066 Benedictinae:
764 1019 879 1062 editi
910 1018 966 1060 de
993 1018 1082 1059 fide
1110 1018 1279 1060 codicis
1312 1019 1614 1074 manuscripti
1645 1021 1693 1061 et

199 1093 223 1122 e
249 1082 486 1135 publicato
508 1081 758 1137 exemplari
789 1078 963 1120 alicubi
988 1078 1113 1119 aucti
1136 1075 1365 1131 (Francos.
1392 1078 1450 1119 ad
1473 1078 1692 1120 Moenum

198 1153 254 1181 ex
284 1141 471 1184 officina
497 1143 617 1183 And.
640 1138 850 1183 wecheli
875 1135 1229 1189 MDLXXVII),
1262 1137 1336 1188 fol.
1363 1136 1567 1190 Eleyanti
1597 1150 1694 1179 vero

196 1199 368 1241 studens
406 1200 593 1242 sermoni
623 1198 810 1242 auctoris
849 1195 977 1237 verba
1007 1194 1133 1237 etiam
1174 1195 1312 1249 maqis
1342 1195 1519 1238 mutavit
1531 1196 1559 1248 3,
1601 1196 1694 1239 alia

138 1273 172 1300 15
197 1253 366 1301 addidit
375 1260 404 1312 4,
437 1259 526 1301 alia
559 1258 711 1311 omisit,
736 1260 962 1311 praeterea
993 1258 1185 1308 typorum
1215 1268 1359 1297 errore
1387 1254 1541 1297 librum
1571 1256 1694 1298 valde

196 1317 424 1360 maculavit
434 1333 450 1371 ;
481 1332 625 1372 qua-re,
658 1317 747 1360 nisi
777 1314 928 1370 quibus
959 1313 1060 1356 locis
1091 1313 1196 1356 liber
1215 1314 1259 1356 A
1289 1313 1466 1356 detritus
1497 1319 1591 1357 erat
1620 1320 1696 1358 aut

197 1375 323 1419 aliter
353 1382 587 1431 corruptus,
621 1377 711 1420 eius
741 1374 950 1418 rationem
981 1387 1068 1415 non
1098 1373 1336 1415 habuimus.

345 1437 533 1479 Tertiam
563 1436 788 1479 editionem
819 1432 1038 1476 Henricus
1059 1432 1319 1475 Meibomius
1349 1433 1493 1476 senior
1518 1434 1695 1488 paravit

200 1492 431 1548 (Francos.
463 1495 751 1539 MDOXXI.
789 1494 886 1547 fol.)
928 1491 1356 1545 annotationibusque
1395 1507 1482 1535 non
1522 1498 1694 1537 contem-

137 1570 172 1595 ιο
198 1555 352 1597 nendis
381 1555 624 1608 illustravit,
657 1569 783 1609 quam
814 1552 1038 1595 editionem
1062 1565 1190 1604 nepos
1209 1551 1258 1594 in
1280 1552 1441 1594 Rerum
1470 1553 1694 1597 Germani-

199 1628 345 1656 carum
377 1619 484 1657 tomo
515 1615 550 1656 I
576 1612 858 1667 (Helmstadii
882 1610 1371 1654 MDCLXXXVIH.
1397 1612 1509 1667 fob),
1537 1628 1582 1666 p.
1607 1618 1690 1656 621

198 1677 357 1716 —704.
390 1673 583 1728 repetivit
593 1675 622 1714 ⁵.
675 1674 759 1715 Ille
783 1686 855 1726 ope
876 1670 1033 1714 codicis
1056 1684 1189 1712 manu
1212 1671 1373 1724 scripti,
1406 1686 1491 1714 non
1520 1672 1692 1727 inteqri,

197 1733 272 1774 sed
300 1732 459 1776 alicubi
488 1732 686 1786 mutilati,
718 1747 762 1774 se
792 1730 1015 1774 editionem
1046 1731 1293 1784 adornasse,
1316 1731 1565 1785 plerumque
1595 1747 1694 1776 vero

197 1791 506 1834 Freelztia'num
537 1792 750 1845 exemplar
780 1794 962 1834 secutum
992 1803 1079 1832 esse
1117 1788 1167 1831 in
1196 1790 1473 1843 praefatione
1504 1795 1691 1846 testatur,

137 1865 173 1891 25
198 1850 352 1893 codicis
397 1865 493 1894 vero
539 1851 714 1894 nonnisi
757 1855 819 1893 ter
834 1850 851 1875 ⁶
895 1849 1145 1891 mentionem
1187 1848 1301 1902 feeit,
1349 1854 1526 1892 cete-rum
1571 1854 1692 1895 modo

197 1910 443 1963 Frecfflum,
490 1912 611 1953 modo
656 1909 945 1961 Remmium,
993 1909 1109 1950 nidlo
1155 1912 1264 1950 certo
1309 1909 1486 1952 consilio
1532 1911 1690 1966 ductus,

197 1974 359 2011 secutus
389 1974 460 2022 est,
493 1970 540 2011 in
572 1969 683 2012 notis
712 1983 872 2023 quoque
892 1967 1069 2010 nonnisi
1090 1967 1308 2010 Reineccii
1327 1973 1365 2010 et
1390 1969 1693 2023 Ursperyensis

201 2026 247 2069 (i.
291 2042 324 2068 e.
367 2027 572 2082 Frutolft)
615 2028 808 2071 lectiones
848 2041 941 2070 eum
980 2026 1156 2069 Frechti
1196 2026 1377 2070 editione
1418 2030 1690 2082 comparavit.

204 2086 406 2139 Quamvis
444 2087 579 2141 iqitur
618 2087 810 2139 codicem,
852 2086 1035 2138 fortasse
1076 2085 1214 2138 ipsum
1254 2086 1551 2140 Dresdensem,
1599 2103 1692 2131 eum

138 2160 174 2186 30
198 2144 353 2205 vidisse
383 2146 502 2188 haud
530 2145 787 2200 neqarimus,
821 2158 1031 2198 nusquam
1062 2149 1203 2186 tamen
1233 2159 1279 2187 eo
1308 2159 1431 2188 usum
1462 2161 1549 2189 esse
1587 2148 1694 2191 satis

197 2209 387 2257 apparet.
449 2205 678 2247 Editorum
707 2205 872 2247 mendis
907 2218 1016 2246 nova
1056 2209 1332 2258 accesserunt,
1372 2205 1460 2248 sive
1499 2211 1693 2261 typorum

197 2277 340 2306 errore
378 2263 465 2306 sive
505 2263 680 2306 editoris
718 2263 893 2307 incuria
931 2263 1018 2305 sii-e
1049 2263 1292 2316 corriqendi
1330 2265 1529 2308 audacia.
1592 2267 1692 2310 Per-

188 2322 345 2376 paueis
375 2327 539 2365 tantum
571 2323 673 2366 loeis
703 2323 794 2366 eius
825 2322 1039 2366 lectionem
1070 2323 1381 2366 annotavimus.

199 2439 234 2482 1)
278 2439 347 2474 Ed.
389 2439 512 2473 Simon
553 2439 715 2481 Schard,
762 2439 816 2472 De
854 2440 1101 2473 iurisdictione
1140 2441 1323 2484 imperiali
1361 2442 1542 2481 (Basileae
1585 2444 1692 2481 1566)

137 2494 172 2520 35
191 2497 231 2529 p.
257 2487 328 2522 785
344 2497 417 2530 sqq.
538 2486 574 2531 2)
610 2487 666 2529 Cf.
701 2489 775 2520 iam
809 2487 972 2522 Meibom.
1006 2498 1078 2522 sen.
1107 2498 1147 2530 p.
1172 2489 1230 2523 40.
1291 2488 1447 2522 Codicem
1481 2490 1514 2522 Β
1532 2493 1549 2525 1
1584 2490 1693 2525 Theo-

197 2534 337 2567 dericus
369 2535 432 2567 vix
465 2534 641 2576 adhibuit,
676 2545 754 2567 eum
791 2536 894 2577 infra
925 2546 965 2578 p.
999 2536 1085 2577 106,
1120 2536 1144 2570 l.
1179 2537 1234 2571 14.
1269 2541 1358 2569 reete
1386 2537 1559 2579 praebeat
1591 2538 1693 2572 mille

197 2580 356 2621 (Schard
374 2593 413 2625 p.
431 2582 534 2624 820),
557 2582 665 2615 codes:
689 2586 807 2615 autem
830 2583 927 2624 falso
950 2581 1136 2617 militibus.
1234 2583 1274 2626 3)
1296 2583 1341 2618 E.
1365 2595 1423 2627 qr.
1450 2584 1533 2627 quia
1556 2596 1693 2628 semper

197 2629 234 2661 in
261 2627 369 2671 quod.
467 2628 504 2673 4)
541 2629 598 2670 Cf.
633 2630 737 2671 infra
768 2641 806 2673 p.
833 2631 890 2672 94,
925 2641 960 2664 n.
987 2640 1020 2664 ο.
1118 2630 1154 2672 5)
1185 2630 1366 2664 Meibomii
1396 2633 1548 2665 senioris
1580 2633 1694 2675 affero

135 2727 172 2753 ω
190 2677 553 2756 {Zffimfacffim’
588 2686 691 2765 ⁶²2¹?
706 2676 816 2758 {3⁶51}
835 2678 958 2766 '’53²3ss
986 2677 1108 2758 2²:1²⁹?
1109 2688 1152 2759 “3⁸
1161 2737 1169 2744 ·
1185 2680 1439 2759 ῗῗιείἔέἔῖἷ
1451 2681 1693 2762 ιέἴέᾚῖἔέἶ

197 2770 317 2813 leyaemt
340 2768 487 2813 Braeti’,
513 2771 552 2803 id
576 2771 667 2815 quod
690 2772 848 2813 fortasse
879 2773 1022 2816 respicit
1047 2749 1098 2805 ad’
1120 2772 1154 2805 B
1167 2774 1200 2807 2.
1247 2773 1286 2807 P.
1309 2775 1354 2808 49
1380 2738 1485 2817 (64²5)
1509 2775 1559 2808 ad
1582 2775 1691 2808 Iocum

196 2817 299 2850 illum
323 2818 365 2850 de
389 2817 562 2851 Hattonis
590 2819 750 2861 perfidia
775 2818 825 2860 (Ι,
850 2820 908 2861 22,
936 2830 977 2862 p.
1003 2820 1060 2862 29,
1094 2831 1128 2854 n.
1156 2822 1193 2859 a)
1218 2825 1331 2854 ”tonet
1349 2831 1423 2864 pro
1446 2821 1599 2865 nequius
1625 2823 1694 2866 qui

197 2862 364 2907 iniquius,
389 2866 483 2908 quod
507 2866 604 2899 alius
628 2866 751 2899 nullus
775 2866 980 2910 suppeditat
1002 2867 1120 2902 codex.
1140 2867 1171 2905 I,
1191 2869 1248 2903 35.
1274 2878 1355 2902 cero
1379 2870 1551 2912 quaedam
1577 2881 1693 2903 exem-

192 2910 323 2953 plaria
356 2912 483 2946 habere
515 2910 658 2955 Rietni,
692 2913 866 2956 quaedam
898 2912 1030 2947 Kiesni
1062 2914 1147 2947 dicit
1173 2926 1212 2958 p.
1239 2916 1285 2951 56
1321 2916 1430 2958 (6382)
1440 2927 1457 2957 ;
1490 2917 1692 2951 Reineccius

136 2965 174 2991 45
194 2970 232 3002 p.
251 2959 307 2993 13.
333 2968 377 2991 ea:
401 2960 473 2995 eod.
489 2960 686 2994 Dresdensi
709 2961 818 2994 edidit
842 2959 978 3005 Rietni,
1004 2959 1131 2995 Kietni
1157 2962 1282 2996 ibidem
1308 2963 1378 3006 leqz'
1400 2966 1473 2997 iam
1497 2968 1643 3000 constat.
