2034 3380
401 364 469 398 130
715 359 782 395 DE
807 359 1022 396 ORIGINE
1047 359 1233 396 GEN'rIs
1257 359 1566 398 SWEVORUM.

399 483 446 524 et
477 482 574 537 ipse
606 483 777 524 mestus
808 482 1044 536 repedavit
1083 482 1282 524 domum.
1343 481 1487 523 'ruma
1523 495 1642 524 unus
1681 497 1736 526 ex
1775 484 1882 526 filiis

398 541 542 595 ipsius
587 540 771 582 nomine
812 540 1062 592 Ditwinus,
1112 541 1479 583 animadvertens
1525 543 1700 596 patrem
1745 542 1881 585 solito

399 599 667 650 tristiorem,
721 612 904 641 causam
955 599 1143 642 meroris
1194 599 1466 650 sciscitatur,
1519 600 1599 642 sed
1649 603 1805 643 tamen
1855 615 1883 643 a

399 660 589 713 parente
630 658 780 700 minus
812 658 883 700 illi
924 653 1162 700 condictab
1199 671 1271 700 res
1311 660 1617 700 ostentature.
1679 659 1882 702 Tandem

399 719 531 772 pater
562 731 589 759 a
619 717 715 759 filio
747 719 931 759 coactus
963 717 1191 772 acquievit
1223 719 1269 759 et
1301 717 1355 768 ei,
1389 731 1477 772 que
1508 718 1557 759 in
1587 718 1732 773 regali
1757 719 1884 761 curia
1907 733 1926 759 ⁵

399 776 585 818 fuerant
617 777 813 826 decreta,
854 776 1030 831 pandit.
1094 775 1181 818 Oui
1212 775 1461 818 Ditwinus:
1507 777 1580 818 ‘Et
1611 777 1676 829 si',
1717 777 1881 832 inquit,

402 835 499 877 ‘hec
539 835 607 877 ita
644 848 690 877 se
731 835 991 886 habuerint,
1034 848 1314 889 consequens
1355 836 1443 877 erit
1484 837 1530 877 et
1570 849 1642 878 me
1683 848 1883 891 peremp-

398 890 601 943 turumd,
644 894 856 948 quoniam
901 907 970 935 me
1011 893 1263 935 kariorem⁰
1307 893 1448 935 habes
1491 893 1650 936 filium.
1713 894 1884 937 Verun-

399 956 553 995 tamen
602 955 649 995 et
693 953 743 993 in
789 953 875 994 hoc
921 947 1267 994 vehementiusf
1312 952 1511 994 admiror
1555 954 1628 995 tot
1678 955 1883 1008 satrapas

400 1012 650 1066 prudentes
680 1011 729 1052 in
754 1013 938 1052 tantum
962 1011 1224 1066 desipuisse,
1258 1013 1341 1052 utg
1367 1025 1459 1053 non
1492 1012 1730 1054 crederent
1751 1012 1886 1054 aliter
1910 1027 1947 1052 10

399 1083 530 1126 posse
583 1069 966 1125 conprovintiales
1025 1070 1206 1112 famem·
1248 1070 1438 1112 evadere
1499 1071 1588 1112 nisi
1637 1070 1886 1113 liberorum

400 1143 584 1172 suorum
616 1142 740 1172 nece.
802 1129 989 1180 Revera,
1032 1129 1070 1170 si
1100 1128 1263 1171 vestris
1294 1128 1534 1183 colloquiis
1573 1125 1884 1179 interessemh,

400 1189 537 1243 longe
569 1188 751 1230 saniora
782 1187 973 1230 consilia
1014 1187 1420 1242 deprompsissem’.
1494 1188 1567 1229 Ad
1607 1189 1691 1230 hec
1732 1190 1884 1244 pater:

403 1248 529 1298 ‘Iam,
563 1247 631 1288 fili
661 1242 943 1297 karissimei,
984 1260 1076 1296 oro,
1118 1248 1172 1287 ut
1213 1246 1270 1288 ad
1311 1242 1460 1301 regisk
1496 1248 1669 1289 curiam
1709 1261 1885 1289 mecum

400 1307 591 1349 festines
638 1306 686 1346 in
728 1306 933 1360 proxima
979 1305 1196 1354 sessione,
1245 1307 1310 1355 et,
1359 1301 1493 1359 quid¹
1542 1305 1631 1347 tibi
1676 1306 1887 1348 videatur
1912 1319 1946 1344 15

402 1378 536 1420 super
568 1366 653 1406 hac
685 1378 748 1414 re,
782 1364 960 1406 cunctis
991 1366 1222 1405 maturato
1255 1363 1507 1419 exponere’.

545 1426 584 1464 4.
649 1422 764 1464 Cum
804 1423 948 1477 igitur
988 1436 1144 1464 omnes
1185 1423 1451 1476 provintiem
1492 1423 1720 1478 principes
1760 1423 1808 1464 in
1838 1423 1887 1464 id

401 1484 550 1538 ipsum
583 1482 914 1531 convenissent,
949 1484 1000 1522 ut
1033 1482 1206 1522 diramn
1233 1482 1505 1523 sententiam
1541 1482 1705 1536 prioris
1733 1482 1888 1524 sessio-

402 1542 474 1583 nis
504 1541 553 1582 in
584 1541 752 1583 liberos
783 1541 984 1582 omnium
1020 1539 1379 1595 promulgarent,
1403 1539 1634 1581 Ditwinus
1661 1541 1789 1595 quasi
1811 1553 1888 1582 ore

403 1600 607 1643 omnium
638 1599 820 1641 locutus
850 1599 949 1654 regi
980 1599 1234 1653 ceterisque
1256 1599 1321 1640 ait
1343 1599 1662 1653 optimatibus:
1689 1598 1889 1647 ‘Domini
1913 1612 1951 1638 20

404 1659 506 1709 mei,
548 1658 685 1700 licet⁰
722 1660 874 1700 vestra
908 1657 1198 1712 providentia
1228 1657 1476 1711 gubernari
1507 1657 1706 1700 debeant
1737 1658 1888 1699 omnia

404 1720 573 1768 nostra,
604 1719 761 1759 tamen
793 1731 881 1758 non
916 1717 1031 1758 bene
1064 1717 1394 1771 circumspecta
1414 1717 1463 1758 in
1484 1717 1598 1758 hocP
1624 1717 1717 1758 fuit
1738 1718 1889 1759 vestra

404 1776 672 1832 prudentia,
735 1778 789 1817 ut
840 1775 897 1817 ob
950 1775 1086 1817 famis
1136 1775 1338 1830 inopiam
1391 1775 1656 1818 statueretis
1715 1775 1888 1817 aboleri

404 1836 593 1891 stirpem
634 1834 894 1877 vestramq'.
966 1834 1094 1876 Hecr
1140 1848 1218 1876 rex
1265 1834 1472 1884 audiens,
1523 1834 1677 1876 dolore
1720 1835 1885 1884 tactus,

404 1894 654 1948 simulqueS
702 1893 930 1948 principes
976 1893 1101 1934 illius
1147 1907 1228 1947 pro
1275 1893 1368 1934 suis
1414 1893 1529 1934 caris
1575 1890 1885 1947 pigneribus‘,
1913 1905 1950 1931 25

405 1952 638 2008 conpellat
669 1952 936 2002 Ditwinum,
978 1952 1195 2006 quatinus
1234 1952 1473 2005 depromat
1505 1952 1568 1993 eis
1601 1951 1754 1993 sanius
1787 1965 1887 1993 con-

404 2012 570 2054 silium.
624 2011 688 2053 At
718 2011 799 2053 ille
831 2011 918 2052 ait:
954 2010 1015 2052 ‘si
1047 2011 1144 2065 regi
1176 2010 1442 2064 cunctisque
1474 2010 1567 2051 suis
1588 2010 1888 2065 optimatibus

403 2070 643 2126 placuerit,
675 2070 888 2112 innoxius
920 2069 1104 2124 sanguis
1135 2069 1373 2111 hominum
1405 2083 1486 2124 pro
1508 2069 1595 2111 hac
1616 2068 1888 2111 necessitate

403 2144 495 2171 non
530 2129 809 2180 effundatur,
851 2129 930 2171 sed
972 2128 1153 2183 potiusu
1190 2128 1344 2183 plures
1386 2128 1538 2170 carine
1579 2127 1885 2182 acquirantur,

403 2190 452 2230 in
499 2188 663 2243 quibus
709 2188 822 2238 hiiV,
871 2187 950 2242 qui
990 2187 1244 2229 debuerant
1283 2187 1504 2237 interimi,
1545 2189 1673 2229 trans
1713 2186 1889 2228 marina
1913 2199 1953 2225 ao

405 2246 720 2290 deducantur'.
793 2245 891 2298 Que
932 2246 1163 2288 sententia
1209 2260 1310 2287 cum
1358 2245 1581 2287 universis
1625 2245 1885 2300 placuisset,

405 2307 584 2348 diversa
633 2319 802 2360 genera
852 2305 1136 2359 navigiorum
1190 2305 1378 2359 sparsim
1433 2305 1781 2358 congregantur,
1809 2305 1887 2344 -u‘t

405 2365 475 2406 his
508 2363 587 2418 qui
617 2365 804 2406 fuerant
835 2363 1079 2418 proscripti
1112 2376 1235 2404 mare
1267 2363 1685 2404 transveherentur.

549 2426 587 2464 5.
654 2423 842 2464 Interea
887 2422 1090 2463 exoritur
1134 2421 1321 2462 tociusw
1368 2420 1595 2475 provintie
1642 2434 1886 2462 concursus

405 2496 486 2536 pro
519 2481 625 2523 filiis
657 2495 708 2522 ac
741 2481 924 2523 filiabus
956 2482 1002 2522 et
1035 2480 1285 2521 lamentum
1319 2479 1555 2521 ineffabile
1577 2493 1631 2521 ex
1651 2479 1883 2534 ipsorum¹
1913 2490 1954 2517 ω

404 2540 700 2594 relegatione.
772 2539 924 2594 Igitur
963 2539 1216 2593 preparatis
1265 2539 1512 2580 classibusy
1556 2538 1886 2586 instrumentis,

405 2689 435 2722 a)
453 2691 493 2714 sic
511 2691 548 2715 A.
569 2690 611 2720 G,·
632 2690 715 2714 Tunc
734 2690 768 2716 B.
840 2689 870 2721 b)
890 2687 1009 2714 condita
1028 2690 1061 2716 G.
1141 2690 1166 2720 e)
1186 2683 1297 2714 oiistat⁴
1315 2688 1349 2716 Β,
1428 2686 1459 2719 d)
1477 2688 1517 2712 sic
1535 2687 1666 2719 quamvis
1683 2687 1774 2718 inepte
1792 2688 1826 2713 A.
1845 2686 1888 2717 B,-

404 2728 568 2756 peremtum
594 2725 630 2750 iri
656 2731 669 2749 e
694 2725 865 2756 coniectura,
891 2727 921 2748 ut
946 2725 1067 2756 videtur,
1093 2724 1127 2750 G.
1152 2738 1187 2742 —
1212 2723 1350 2755 quoniam
1375 2723 1447 2756 (qffi)
1471 2723 1556 2747 etiam
1582 2723 1618 2747 A.
1727 2721 1756 2754 e)
1780 2721 1820 2746 sic
1845 2722 1888 2751 A,-

406 2761 549 2785 cariorem
570 2761 594 2784 G
613 2767 733 2792 semper,
756 2760 782 2785 B
800 2760 979 2784 solummodo
999 2760 1051 2784 hoc
1070 2760 1139 2791 loco,
1167 2759 1239 2783 alibi
1257 2758 1321 2785 kar.
1341 2772 1375 2778 —
1395 2758 1508 2783 habens
1527 2758 1606 2789 (hiis)
1625 2757 1659 2783 B.
1748 2756 1772 2789 f)
1797 2757 1887 2782 vehe-

405 2799 522 2821 menter
540 2796 574 2822 (ἰ.
640 2795 670 2827 g)
688 2796 729 2820 sic
741 2796 776 2822 A.
788 2795 831 2826 B‚·
850 2802 910 2820 non
928 2798 962 2820 ut
980 2795 1152 2826 ineptissime
1168 2795 1203 2826 G,
1223 2801 1301 2826 quem
1316 2793 1485 2823 Miillenhoff
1504 2794 1613 2817 secutus
1631 2794 1679 2818 est.
1746 2791 1778 2825 h)
1796 2792 1887 2817 inter-
1910 2790 1952 2816 40

405 2831 523 2856 fuissem
546 2831 570 2855 G
590 2837 604 2854 e
621 2831 783 2856 coniectura
797 2831 903 2862 procul
921 2831 1015 2857 (lubio,
1086 2829 1108 2861 i)
1126 2830 1166 2854 sic
1185 2830 1220 2856 A.
1238 2830 1264 2854 B
1271 2838 1281 2860 ;
1300 2828 1450 2854 carissime
1470 2828 1505 2853 G.
1579 2826 1609 2858 k)
1629 2831 1682 2859 reg
1700 2827 1733 2854 B.
1807 2827 1827 2858 1)
1847 2827 1889 2852 sic

405 2867 439 2893 A.
466 2866 491 2890 B
512 2859 570 2898 (ῥὶς
599 2866 677 2896 quod
696 2866 732 2892 G.
831 2867 871 2896 m)
896 2866 936 2890 sic
955 2866 996 2897 G;
1021 2872 1105 2896 prov.
1127 2868 1156 2890 et
1175 2865 1266 2896 princ.
1285 2864 1320 2890 A.
1338 2863 1372 2890 B.
1471 2864 1502 2893 n)
1526 2861 1633 2887 dictam
1656 2863 1691 2887 G.
1795 2861 1824 2895 ο)
1847 2862 1888 2887 sic

405 2901 442 2927 A.
463 2901 489 2925 B
507 2900 567 2934 (13);
589 2901 678 2926 liceat
696 2901 730 2929 G.
808 2902 838 2932 p)
864 2902 921 2926 fuit
940 2901 968 2925 in
988 2901 1044 2925 hoc
1062 2901 1098 2927 G.
1177 2901 1207 2931 q)
1231 2902 1361 2924 nostram
1380 2898 1414 2925 G.
1487 2897 1512 2930 r)
1524 2898 1599 2937 'Hoc
1619 2898 1654 2925 G.
1719 2896 1745 2930 s)
1763 2897 1888 2929 nimique

406 2936 442 2962 A.
463 2936 505 2965 B,·
524 2936 669 2967 simulque
689 2936 731 2966 G;
749 2936 944 2968 similiterque
963 2935 1141 2965 Mt'llleuhoff.
1251 2935 1272 2964 ῐ)
1296 2934 1337 2958 sic
1355 2933 1390 2960 A.
1408 2933 1435 2957 B
1453 2931 1630 2966 (pignibus);
1658 2932 1829 2964 pignoribus
1853 2932 1888 2960 G.

406 2969 436 3030 ul)
455 2970 624 3029 pqtifmen·
644 2972 678 2996 G.
753 2971 782 3003 v)
802 2971 831 2996 hi
851 2972 884 2997 G,
960 2970 1001 3003 w)
1020 2971 1060 2995 sic
1079 2972 1112 2997 A.
1133 2970 1174 3000 B;
1195 2970 1283 2994 totius
1303 2969 1338 2995 G.
1411 2970 1442 2999 x)
1461 2975 1560 2993 eorum
1575 2968 1608 2996 G.
1681 2970 1712 3000 y)
1730 2968 1770 2993 sic
1789 2968 1823 2995 A.
1845 2967 1888 2998 B‚·
1911 2965 1951 2990 45

406 3011 536 3031 casslcls
583 3026 589 3032 .
