2034 3380
0 53 22 124 {⁹2³1-
0 31 8 38 ¹*
11 0 14 2 ⁴

376 325 562 362 RERUM
586 324 868 361 GESTARUM
893 323 1269 360 SAXONIGARUM
1293 323 1390 360 LIB.
1417 323 1448 362 Ι.
1614 325 1659 360 15

172 450 349 504 Iring⁸:
384 448 554 499 ‘Haec',
587 448 666 499 ait,
700 446 839 488 ‘misit
867 446 956 487 tibi
976 446 1206 500 quondam
1229 448 1338 487 tuus
1363 446 1658 500 propinquus,

174 509 309 550 modo
341 521 510 555 servus,
543 502 641 556 ath,
675 506 714 547 si
744 519 838 547 non
868 505 940 547 sui
971 505 1239 554 miserearis,
1273 505 1463 547 miserae
1496 505 1658 546 saltem

173 571 308 610 tuae⁰
355 567 520 609 sororis
566 564 842 614 miserearis,
889 566 1112 618 nepotum
1158 577 1338 617 quoque
1383 566 1569 604 tuorum
1612 564 1661 604 in

174 627 339 668 ultima
369 625 643 668 necessitate
668 622 1054 666 constitutorum’.
1102 622 1226 663 Dum
1248 623 1362 664 haec
1384 619 1657 663 lacrimans‘l

131 701 150 727 5
175 686 385 733 dixisset,
445 683 760 738 interpellatio
817 682 1076 737 principum
1138 695 1250 723 auro
1312 684 1632 735 corruptorum
1649 682 1661 704 1

175 744 356 794 adiecit,
390 743 498 797 quia
529 743 695 784 decens
725 742 850 784 foret
881 741 1153 783 clementiae
1189 740 1347 794 regali,
1390 754 1479 794 quo
1520 740 1661 781 talem

173 802 583 858 supplicationeme
641 815 734 843 non
794 802 1049 855 sperneret,
1113 799 1423 842 communium
1485 812 1663 853 quoque

174 864 367 904 naturae
398 875 550 903 rerum
581 875 674 902 non
706 860 1066 909 oblivisceretur,
1104 859 1356 913 utiliusque
1397 854 1522 900 essef
1559 872 1661 900 eum

173 922 222 962 in
254 921 344 962 fide
377 920 617 975 suscipere,
651 933 784 974 quem
816 919 910 960 iam
941 920 1208 973 superatum
1230 918 1424 959 haberet
1445 919 1661 972 tamqueg

116 996 151 1021 ιο
176 980 448 1030 contritum,
492 982 547 1020 ut
586 992 837 1032 numquam
877 991 925 1020 se
965 980 1127 1019 contra.
1167 991 1272 1019 eum
1314 977 1457 1032 possit
1497 977 1662 1020 levare,

176 1053 313 1094 quam
352 1038 470 1080 illud
511 1051 655 1092 genus
696 1038 932 1079 hominum
973 1036 1255 1078 indomabile
1297 1038 1344 1078 et
1384 1037 1443 1077 ad
1483 1049 1664 1077 omnem

177 1098 381 1140 laborem
413 1097 717 1152 perdurabile,
751 1111 779 1138 a
809 1110 899 1151 quo
930 1095 1076 1137 nichil
1099 1097 1363 1150 expectaret
1384 1095 1664 1136 Francorum

177 1157 418 1212 imperium
464 1156 553 1197 nisi
599 1156 748 1197 solum
794 1155 1064 1210 periculum.
1134 1155 1192 1195 In
1234 1149 1450 1209 peractoh
1486 1167 1666 1208 quoque

179 1216 300 1258 bello
332 1215 619 1257 considerare
659 1217 824 1269 posset,
868 1228 1005 1268 qua-m
1047 1209 1173 1254 durii
1215 1216 1262 1255 et
1301 1209 1662 1267 insuperabilesk

118 1289 151 1314 15
178 1269 450 1316 existerentl
491 1274 705 1323 Saxones,
745 1274 942 1327 ideoque
982 1273 1147 1314 melius
1191 1286 1300 1322 esse,
1345 1274 1400 1312 ut
1443 1272 1666 1326 susceptis

177 1333 424 1388 Thuringis
471 1333 644 1388 pariter
690 1346 766 1374 eos
813 1333 1014 1374 eicerent
1061 1332 1118 1374 de
1162 1332 1329 1373 finibus
1377 1331 1483 1372 suis.
1545 1331 1666 1372 ¹¹¹His

179 1393 326 1442 dictis,
359 1392 470 1434 licet
493 1392 679 1442 invitus,
702 1391 905 1434 flectitur
924 1395 1081 1433 tamen
1102 1390 1419 1440 Thiadricus¹¹‚
1443 1391 1667 1445 promisit-

177 1466 265 1506 que
287 1453 469 1507 postera
492 1451 566 1493 die
586 1452 832 1506 generum²
853 1465 986 1492 suum
1007 1453 1082 1492 se⁰
1110 1452 1429 1505 suscepturum
1452 1444 1667 1492 Saxones-

178 1525 266 1566 que
287 1511 588 1552 abiecturum.
636 1510 724 1551 His
745 1510 917 1551 auditis
938 1510 1096 1563 Iringv
1122 1509 1329 1564 vestigiis
1361 1509 1668 1564 prosternitur

117 1584 155 1610 20
178 1570 310 1625 regis,
344 1570 641 1623 laudavitque
682 1569 960 1611 sententiam
1001 1569 1273 1611 clementiae
1313 1568 1578 1623 imperialis,
1621 1571 1667 1609 et

179 1630 316 1671 misso
347 1630 406 1670 ad
446 1629 682 1670 dominum
714 1630 874 1683 optato
914 1628 1079 1669 nuntio
1118 1628 1294 1669 laetum
1325 1641 1429 1669 eum
1471 1641 1667 1669 omnem-

180 1702 267 1743 que
317 1688 475 1730 urbem
529 1688 803 1730 securiorem
854 1687 1079 1736 reddidi&
1135 1687 1392 1741 mansitque
1442 1687 1569 1741 ipseq
1619 1686 1666 1726 in

180 1748 353 1797 castris,
397 1761 454 1789 ne
495 1747 605 1801 quid
646 1747 824 1788 adversi
870 1761 961 1788 nox
1006 1747 1106 1800 ipsa
1153 1746 1405 1787 moliretur.
1483 1746 1669 1787 Interea

179 1806 292 1848 urbe
333 1820 387 1848 ex
429 1819 540 1861 pace
581 1806 804 1860 promissa
841 1806 1073 1847 securiore·
1107 1805 1308 1855 reddita,
1351 1818 1558 1859 egressus
1600 1807 1669 1846 est

117 1879 155 1906 25
180 1866 365 1920 quidam
417 1879 520 1907 cum
567 1865 787 1920 accipitre
833 1866 1006 1906 victum
1052 1864 1317 1918 quaeritans
1369 1878 1508 1918 supra
1558 1863 1669 1904 litus

180 1924 308 1966 fluvii
353 1924 620 1979 supradicti.
702 1924 908 1965 Emissor
958 1937 1065 1965 vero
1115 1923 1323 1974 volucre,
1376 1923 1564 1977 quidam
1616 1936 1670 1964 ex

182 1983 437 2025 Saxonibus
467 1983 541 2024 in²³
577 1981 820 2025 ulterioret
854 1984 955 2037 ripa
986 1983 1094 2024 ilico
1126 1986 1259 2024 eumu
1289 1983 1504 2036 suscepit.
1568 1981 1670 2033 Quo

181 2044 419 2096 rogante⁸‚
442 2044 496 2082 ut
515 2042 841 2092 remitteretur,
865 2042 983 2083 Saxo
1006 2042 1114 2083 dare
1135 2041 1334 2095 negavit.
1383 2041 1472 2083 Ille
1495 2043 1668 2083 autem:

186 2100 298 2150 ‘Da'‚
330 2100 494 2155 inquit,
530 2101 590 2142 ‘et
621 2103 848 2142 secretum
879 2101 968 2141 tibi
1003 2100 1255 2154 sociisquev
1292 2100 1408 2141 utile
1449 2099 1668 2154 prodam'.

121 2173 160 2199 30
185 2159 303 2201 Saxo
335 2162 542 2201 econtra:
578 2159 691 2210 ‘Dic‚
730 2161 785 2200 ut
816 2159 1013 2214 accipias
1045 2159 1167 2213 quod
1208 2159 1416 2213 quaeris'.
1481 2158 1669 2214 ‘Reges',

182 2218 353 2273 inquit,
400 2219 534 2260 ‘inter
579 2232 627 2260 se
674 2232 785 2274 pace
825 2219 953 2260 facta
993 2219 1227 2260 decretum
1269 2220 1451 2267 tenent,
1495 2218 1533 2259 si
1574 2231 1672 2259 cras

182 2277 480 2319 inveniamini
510 2277 559 2318 in
591 2278 764 2327 castris,
799 2277 1044 2332 capiamini
1085 2279 1167 2318 aut
1207 2279 1330 2319 certe
1370 2277 1670 2319 occidamini'.

183 2337 257 2377 Ad
289 2337 402 2379 haec
433 2336 535 2379 ille:
581 2336 814 2378 ‘SerioneW
846 2338 988 2378 haec¹
1025 2350 1084 2378 an
1124 2336 1235 2378 ludo
1272 2336 1382 2378 aisP’
1449 2336 1674 2378 ‘Secunda

185 2395 324 2446 hora',
364 2396 442 2446 ait,
484 2395 728 2450 ‘sequentis
769 2396 862 2437 diei
901 2395 1129 2450 probabit,
1171 2395 1308 2450 quiay
1343 2409 1422 2437 vos
1463 2398 1673 2450 oporteat

68 2484 71 2486 .
123 2467 159 2493 35
185 2455 282 2496 sine
322 2454 444 2496 ludis
486 2468 633 2510 agere.
706 2454 998 2510 Quapropter
1038 2455 1265 2496 consulite
1306 2455 1434 2513 vobis
1475 2455 1586 2510 ipsis
1627 2457 1673 2496 et

186 2581 215 2611 a)
238 2580 332 2612 iri-ing
351 2580 389 2610 Ο,-
413 2580 556 2613 nix-lngus
581 2581 655 2606 haec
674 2580 727 2613 ait,
747 2581 831 2606 Misit
848 2581 910 2609 ΒΞ.
1000 2582 1031 2612 b)
1056 2584 1087 2606 et
1113 2581 1149 2606 A.
1240 2580 1267 2613 c)
1292 2581 1402 2606 sororis
1428 2584 1478 2606 tue
1503 2582 1567 2608 Bl,
1593 2581 1675 2607 Frut.

186 2614 218 2648 d)
241 2615 371 2642 lacrimis
396 2616 426 2643 C.
527 2617 555 2647 e)
581 2616 761 2648 legationem
784 2617 867 2642 Frut.
967 2617 993 2647 f)
1019 2617 1060 2642 sic
1084 2617 1120 2644 A.
1144 2617 1171 2642 Β
1185 2618 1208 2644 l.
1234 2617 1260 2644 2.
1284 2617 1413 2648 (Fr-ut.);
1437 2623 1503 2641 eum
1530 2619 1621 2641 esset
1647 2617 1675 2643 C.

186 2650 218 2683 g)
236 2644 347 2683 tamt'im
365 2651 541 2684 (tamquam)
560 2652 595 2679 A.
667 2652 699 2682 h)
718 2652 852 2684 Imnaeto
874 2653 914 2683 A,·
934 2652 1074 2683 lupen-ato
1094 2652 1126 2677 C.
1204 2652 1227 2683 i)
1245 2653 1386 2683 quamdiu
1404 2652 1473 2684 B23
1495 2652 1626 2682 quandiu
1646 2652 1675 2679 C.

186 2686 219 2719 k)
240 2686 424 2718 superabiles
451 2687 484 2714 A.
574 2687 595 2717 l)
619 2690 720 2712 essent
742 2687 808 2714 Bl.
897 2687 938 2719 m)
963 2688 1009 2712 hic
1032 2690 1118 2719 caput
1144 2687 1193 2715 XI.
1219 2688 1320 2719 incipit
1339 2688 1370 2718 0,
1396 2688 1472 2719 quod
1497 2695 1561 2712 cum
1584 2688 1677 2712 indice

124 2721 164 2746 40
181 2723 346 2754 praemisso
374 2722 454 2747 haud
481 2723 624 2753 convenit,-
649 2723 818 2754 scriptorem
845 2729 961 2748 errasse
986 2723 1053 2748 inde
1077 2725 1209 2754 appara,
1235 2723 1310 2755 quod
1333 2725 1436 2754 postea
1464 2729 1486 2750 c.
1511 2723 1605 2749 xvn.
1635 2723 1677 2747 bis

186 2758 356 2785 numeravit.
440 2759 471 2789 n)
489 2756 682 2784 Thiedericus
701 2758 754 2782 Ῑιοσ
772 2758 832 2783 loco
851 2758 914 2783 ΒΞ.
999 2758 1029 2790 ο)
1047 2765 1079 2783 se
1100 2765 1153 2785 om.
1173 2758 1235 2783 Bl.
1317 2759 1349 2790 p)
1368 2758 1463 2790 iri-ing
1482 2758 1511 2785 C.
1594 2759 1624 2789 q)
1642 2758 1675 2783 iu

188 2792 294 2818 eastris
312 2793 378 2825 ipse
396 2793 458 2820 132.
546 2795 573 2824 r)
594 2793 711 2818 Emissa
730 2794 792 2818 132.
884 2794 910 2824 s)
934 2793 966 2819 in
984 2794 1124 2819 ulteriore
1143 2808 1175 2811 —
1196 2792 1331 2827 rosgsnte
1349 2794 1483 2825 secunda,
1503 2794 1553 2818 sed
1571 2800 1676 2818 coaeva

189 2834 287 2860 mm,
306 2829 375 2853 aliis
393 2828 486 2854 era-81⁶8
504 2829 539 2856 A.
623 2829 646 2861 t)
665 2828 802 2854 ulteriori
820 2828 904 2856 Frut.
989 2831 1020 2860 u)
1039 2836 1103 2854 eam
1122 2829 1185 2854 131.
1205 2829 1231 2856 2.
1318 2830 1349 2859 v)
1367 2829 1426 2854 tuis
1445 2829 1514 2857 add.
1534 2830 1572 2855 A.
1590 2829 1677 2855 Frut.

189 2863 229 2894 w)
246 2861 330 2889 Serio
347 2863 385 2892 A.
403 2864 488 2892 Frut.
558 2863 590 2897 x)
608 2871 648 2889 an
666 2862 737 2889 ludo
757 2865 812 2890 hec
830 2865 873 2889 nis
892 2864 918 2889 B
929 2865 958 2897 1;
978 2864 1051 2889 haec
1069 2864 1124 2896 ais,
1144 2871 1183 2890 au
1203 2864 1271 2889 ludo
1289 2864 1374 2892 Frut.
1447 2866 1479 2898 y)
1498 2865 1577 2897 quod
1589 2865 1674 2890 Frui.

127 2978 166 3004 45
193 2967 228 3011 1)
258 2967 314 3009 Cf.
339 2978 430 3012 quae
455 2969 564 3014 0m'90
584 2969 780 3005 Suevomm
804 2981 831 3006 c.
848 2971 883 3006 8.
909 2972 1055 3005 narrat.
1151 2970 1190 3012 2)
1218 2969 1275 3012 Cf.
1301 2980 1420 3014 supra
1438 2982 1478 3014 p.
1502 2972 1558 3013 11,
1586 2981 1620 3005 n.
1646 2973 1676 3006 1.
