<?xml version="1.0" encoding="UTF-8"?>
<!DOCTYPE html PUBLIC "-//W3C//DTD XHTML 1.0 Transitional//EN"
    "http://www.w3.org/TR/xhtml1/DTD/xhtml1-transitional.dtd">
<html xmlns="http://www.w3.org/1999/xhtml" xml:lang="en" lang="en">
 <head>
  <title>
</title>
<meta http-equiv="Content-Type" content="text/html;charset=utf-8" />
  <meta name='ocr-system' content='tesseract 3.04.00' />
  <meta name='ocr-capabilities' content='ocr_page ocr_carea ocr_par ocr_line ocrx_word'/>
</head>
<body>
  <div class='ocr_page' id='page_1' title='image "./rerumgestarumsax00widuuoft_0066.png"; bbox 0 0 2034 3380; ppageno 0'>
   <div class='ocr_carea' id='block_1_1' title="bbox 343 323 1231 367">
    <p class='ocr_par' dir='ltr' id='par_1_1' title="bbox 343 323 1231 367">
     <span class='ocr_line' id='line_1_1' title="bbox 343 323 1231 367; baseline -0.007 -3"><span class='ocrx_word' id='word_1_1' title='bbox 343 329 389 364; x_wconf 82' lang='lat'>28</span> <span class='ocrx_word' id='word_1_2' title='bbox 612 365 614 367; x_wconf 65' lang='grc'><strong>,</strong></span> <span class='ocrx_word' id='word_1_3' title='bbox 938 323 1231 360; x_wconf 88' lang='lat' dir='ltr'>WIDUKINDI</span> 
     </span>
    </p>
   </div>
   <div class='ocr_carea' id='block_1_2' title="bbox 250 447 1493 679">
    <p class='ocr_par' dir='ltr' id='par_1_2' title="bbox 250 447 1493 679">
     <span class='ocr_line' id='line_1_2' title="bbox 250 447 1051 502; baseline -0.006 -10"><span class='ocrx_word' id='word_1_4' title='bbox 250 457 329 491; x_wconf 86' lang='grc'><strong>906.</strong></span> <span class='ocrx_word' id='word_1_5' title='bbox 344 447 598 497; x_wconf 85' lang='lat' dir='ltr'>videbatur,</span> <span class='ocrx_word' id='word_1_6' title='bbox 642 460 694 488; x_wconf 93' lang='lat' dir='ltr'>eo</span> <span class='ocrx_word' id='word_1_7' title='bbox 727 447 848 502; x_wconf 91' lang='lat' dir='ltr'>quod</span> <span class='ocrx_word' id='word_1_8' title='bbox 882 447 1051 489; x_wconf 88' lang='lat' dir='ltr'>incolu-</span> 
     </span>
     <span class='ocr_line' id='line_1_3' title="bbox 344 506 1052 548; baseline -0.001 -1"><span class='ocrx_word' id='word_1_9' title='bbox 344 520 463 548; x_wconf 92' lang='lat' dir='ltr'>mem</span> <span class='ocrx_word' id='word_1_10' title='bbox 516 519 620 547; x_wconf 91' lang='lat' dir='ltr'>eum</span> <span class='ocrx_word' id='word_1_11' title='bbox 666 506 766 548; x_wconf 89' lang='lat' dir='ltr'>loco</span> <span class='ocrx_word' id='word_1_12' title='bbox 819 519 900 548; x_wconf 92' lang='lat' dir='ltr'>suo</span> <span class='ocrx_word' id='word_1_13' title='bbox 952 520 1052 547; x_wconf 90' lang='lat' dir='ltr'>con·</span> 
     </span>
     <span class='ocr_line' id='line_1_4' title="bbox 346 565 1052 619; baseline 0 -13"><span class='ocrx_word' id='word_1_14' title='bbox 346 565 619 607; x_wconf 67' lang='lat' dir='ltr'>stituisseta.</span> <span class='ocrx_word' id='word_1_15' title='bbox 671 565 782 607; x_wconf 91' lang='lat' dir='ltr'>Post</span> <span class='ocrx_word' id='word_1_16' title='bbox 813 566 925 607; x_wconf 86' lang='lat' dir='ltr'>haec</span> <span class='ocrx_word' id='word_1_17' title='bbox 954 565 1052 619; x_wconf 86' lang='lat' dir='ltr'>regi</span> 
     </span>
     <span class='ocr_line' id='line_1_5' title="bbox 345 620 1493 679; baseline -0.002 -14"><span class='ocrx_word' id='word_1_18' title='bbox 345 638 372 665; x_wconf 86' lang='lat' dir='ltr'>a</span> <span class='ocrx_word' id='word_1_19' title='bbox 403 624 620 679; x_wconf 89' lang='lat' dir='ltr'>pontifice</span> <span class='ocrx_word' id='word_1_20' title='bbox 651 626 940 679; x_wconf 71' lang='lat' dir='ltr'><strong>presentatus</strong></span> <span class='ocrx_word' id='word_1_21' title='bbox 967 624 1052 665; x_wconf 89' lang='lat' dir='ltr'>Lu·</span> <span class='ocrx_word' id='word_1_22' title='bbox 1465 620 1493 654; x_wconf 81' lang='lat' dir='ltr'><strong><em>G</em></strong></span> 
     </span>
    </p>
   </div>
   <div class='ocr_carea' id='block_1_3' title="bbox 343 648 1875 738">
    <p class='ocr_par' dir='ltr' id='par_1_3' title="bbox 343 648 1875 738">
     <span class='ocr_line' id='line_1_6' title="bbox 343 648 1875 738; baseline -0.002 -13"><span class='ocrx_word' id='word_1_23' title='bbox 343 678 567 725; x_wconf 80' lang='lat' dir='ltr'>thowicob</span> <span class='ocrx_word' id='word_1_24' title='bbox 581 685 628 725; x_wconf 89' lang='lat' dir='ltr'>et</span> <span class='ocrx_word' id='word_1_25' title='bbox 645 684 919 738; x_wconf 83' lang='lat' dir='ltr'>dampnatus</span> <span class='ocrx_word' id='word_1_26' title='bbox 936 683 1052 738; x_wconf 87' lang='lat' dir='ltr'>capi-</span> <span class='ocrx_word' id='word_1_27' title='bbox 1197 682 1381 724; x_wconf 83' lang='lat' dir='ltr'><strong>*XXIL</strong></span> <span class='ocrx_word' id='word_1_28' title='bbox 1428 648 1567 723; x_wconf 73' lang='lat' dir='ltr'>Erat*</span> <span class='ocrx_word' id='word_1_29' title='bbox 1595 683 1750 723; x_wconf 90' lang='lat' dir='ltr'>autem</span> <span class='ocrx_word' id='word_1_30' title='bbox 1779 693 1832 723; x_wconf 88' lang='lat' dir='ltr'>ea</span> <span class='ocrx_word' id='word_1_31' title='bbox 1856 693 1875 720; x_wconf 71' lang='grc' dir='ltr'><strong>ο</strong></span> 
     </span>
    </p>
   </div>
   <div class='ocr_carea' id='block_1_4' title="bbox 250 728 1975 782">
    <p class='ocr_par' dir='ltr' id='par_1_4' title="bbox 250 728 1975 782">
     <span class='ocr_line' id='line_1_7' title="bbox 250 728 1975 782; baseline -0.003 -19"><span class='ocrx_word' id='word_1_32' title='bbox 250 728 330 763; x_wconf 82' lang='grc'>906.</span> <span class='ocrx_word' id='word_1_33' title='bbox 1793 753 1832 782; x_wconf 84' lang='lat' dir='ltr'>e·</span> <span class='ocrx_word' id='word_1_34' title='bbox 1858 729 1975 762; x_wconf 51' lang='grc' dir='ltr'>*μαι</span> 
     </span>
    </p>
   </div>
   <div class='ocr_carea' id='block_1_5' title="bbox 187 741 1790 806">
    <p class='ocr_par' dir='ltr' id='par_1_5' title="bbox 187 741 1790 806">
     <span class='ocr_line' id='line_1_8' title="bbox 187 741 1790 806; baseline -0.002 -21"><span class='ocrx_word' id='word_1_35' title='bbox 187 774 331 806; x_wconf 72' lang='lat' dir='ltr'>(Sept-9).</span> <span class='ocrx_word' id='word_1_36' title='bbox 343 742 485 785; x_wconf 89' lang='lat' dir='ltr'>talem</span> <span class='ocrx_word' id='word_1_37' title='bbox 518 743 695 797; x_wconf 88' lang='lat' dir='ltr'>accepit</span> <span class='ocrx_word' id='word_1_38' title='bbox 733 742 1007 784; x_wconf 84' lang='lat' dir='ltr'>sententiam</span> <span class='ocrx_word' id='word_1_39' title='bbox 1023 742 1050 782; x_wconf 77' lang='lat'>1.</span> <span class='ocrx_word' id='word_1_40' title='bbox 1123 743 1399 797; x_wconf 67' lang='lat' dir='ltr'>tempestate</span> <span class='ocrx_word' id='word_1_41' title='bbox 1421 741 1741 795; x_wconf 88' lang='lat' dir='ltr'>Magontiacae</span> <span class='ocrx_word' id='word_1_42' title='bbox 1770 753 1790 781; x_wconf 91' lang='lat' dir='ltr'>s</span> 
     </span>
    </p>
   </div>
   <div class='ocr_carea' id='block_1_6' title="bbox 499 867 1976 2621">
    <p class='ocr_par' dir='ltr' id='par_1_6' title="bbox 499 867 1976 2621">
     <span class='ocr_line' id='line_1_9' title="bbox 499 867 1833 912; baseline -0.002 -10"><span class='ocrx_word' id='word_1_43' title='bbox 499 868 534 912; x_wconf 84' lang='lat'>*)</span> <span class='ocrx_word' id='word_1_44' title='bbox 562 869 719 903; x_wconf 76' lang='lat' dir='ltr'>Tertiam</span> <span class='ocrx_word' id='word_1_45' title='bbox 735 869 978 910; x_wconf 76' lang='lat' dir='ltr'>recensionem,</span> <span class='ocrx_word' id='word_1_46' title='bbox 995 869 1148 902; x_wconf 76' lang='lat' dir='ltr'>maxime</span> <span class='ocrx_word' id='word_1_47' title='bbox 1160 871 1401 910; x_wconf 78' lang='lat' dir='ltr'>retractatam,</span> <span class='ocrx_word' id='word_1_48' title='bbox 1415 868 1619 910; x_wconf 77' lang='lat' dir='ltr'><em>breviatam,</em></span> <span class='ocrx_word' id='word_1_49' title='bbox 1632 867 1833 909; x_wconf 73' lang='lat' dir='ltr'>mitiyatam</span> 
     </span>
     <span class='ocr_line' id='line_1_10' title="bbox 559 916 1976 972; baseline -0.004 -11"><span class='ocrx_word' id='word_1_50' title='bbox 559 950 603 954; x_wconf 92' lang='lat'><em>-</em></span> <span class='ocrx_word' id='word_1_51' title='bbox 627 929 672 970; x_wconf 76' lang='lat' dir='ltr'>cf.</span> <span class='ocrx_word' id='word_1_52' title='bbox 690 927 851 972; x_wconf 49' lang='lat' dir='ltr'>praefat.</span> <span class='ocrx_word' id='word_1_53' title='bbox 875 946 932 970; x_wconf 85' lang='lat'>-,</span> <span class='ocrx_word' id='word_1_54' title='bbox 950 927 1096 970; x_wconf 75' lang='lat' dir='ltr'>praebet</span> <span class='ocrx_word' id='word_1_55' title='bbox 1118 927 1175 960; x_wconf 84' lang='lat' dir='ltr'>A:</span> <span class='ocrx_word' id='word_1_56' title='bbox 1198 918 1428 972; x_wconf 89' lang='lat' dir='ltr'>*Denique</span> <span class='ocrx_word' id='word_1_57' title='bbox 1445 917 1503 959; x_wconf 87' lang='lat' dir='ltr'>ab</span> <span class='ocrx_word' id='word_1_58' title='bbox 1520 917 1676 958; x_wconf 85' lang='lat' dir='ltr'>amicis</span> <span class='ocrx_word' id='word_1_59' title='bbox 1695 916 1832 971; x_wconf 89' lang='lat' dir='ltr'>regiis</span> <span class='ocrx_word' id='word_1_60' title='bbox 1858 926 1976 960; x_wconf 61' lang='lat' dir='ltr'>*au-1.</span> 
     </span>
     <span class='ocr_line' id='line_1_11' title="bbox 562 975 1833 1028; baseline -0.001 -9"><span class='ocrx_word' id='word_1_61' title='bbox 562 979 604 1020; x_wconf 92' lang='lat' dir='ltr'>ei</span> <span class='ocrx_word' id='word_1_62' title='bbox 631 977 822 1019; x_wconf 79' lang='lat' dir='ltr'>insidie⁰</span> <span class='ocrx_word' id='word_1_63' title='bbox 851 977 1188 1018; x_wconf 84' lang='lat' dir='ltr'>machinantur.</span> <span class='ocrx_word' id='word_1_64' title='bbox 1243 976 1340 1028; x_wconf 79' lang='lat' dir='ltr'>Que</span> <span class='ocrx_word' id='word_1_65' title='bbox 1363 978 1527 1018; x_wconf 88' lang='lat' dir='ltr'>tamen</span> <span class='ocrx_word' id='word_1_66' title='bbox 1558 976 1616 1018; x_wconf 85' lang='lat' dir='ltr'>ab</span> <span class='ocrx_word' id='word_1_67' title='bbox 1647 975 1833 1018; x_wconf 82' lang='lat' dir='ltr'>aurifice</span> 
     </span>
     <span class='ocr_line' id='line_1_12' title="bbox 559 1034 1894 1091; baseline -0.004 -12"><span class='ocrx_word' id='word_1_68' title='bbox 559 1040 769 1091; x_wconf 88' lang='lat' dir='ltr'>torquem</span> <span class='ocrx_word' id='word_1_69' title='bbox 801 1049 986 1078; x_wconf 83' lang='lat' dir='ltr'>auream</span> <span class='ocrx_word' id='word_1_70' title='bbox 1008 1036 1067 1077; x_wconf 89' lang='lat' dir='ltr'>ad</span> <span class='ocrx_word' id='word_1_71' title='bbox 1087 1049 1196 1078; x_wconf 89' lang='lat' dir='ltr'>usus</span> <span class='ocrx_word' id='word_1_72' title='bbox 1218 1035 1314 1077; x_wconf 93' lang='lat' dir='ltr'>doli</span> <span class='ocrx_word' id='word_1_73' title='bbox 1337 1035 1596 1077; x_wconf 70' lang='lat' dir='ltr'>fabricante</span> <span class='ocrx_word' id='word_1_74' title='bbox 1618 1034 1834 1088; x_wconf 89' lang='lat' dir='ltr'>detegun-</span> <span class='ocrx_word' id='word_1_75' title='bbox 1861 1048 1894 1073; x_wconf 82' lang='grc' dir='ltr'>ιο</span> 
     </span>
     <span class='ocr_line' id='line_1_13' title="bbox 560 1093 1834 1148; baseline -0.002 -11"><span class='ocrx_word' id='word_1_76' title='bbox 560 1102 650 1138; x_wconf 90' lang='lat' dir='ltr'>tur.</span> <span class='ocrx_word' id='word_1_77' title='bbox 705 1094 902 1146; x_wconf 82' lang='lat' dir='ltr'>Quidam</span> <span class='ocrx_word' id='word_1_78' title='bbox 935 1095 1056 1137; x_wconf 88' lang='lat' dir='ltr'>enim</span> <span class='ocrx_word' id='word_1_79' title='bbox 1077 1095 1267 1136; x_wconf 90' lang='lat' dir='ltr'>insidias</span> <span class='ocrx_word' id='word_1_80' title='bbox 1288 1094 1576 1136; x_wconf 86' lang='lat' dir='ltr'>tendentium</span> <span class='ocrx_word' id='word_1_81' title='bbox 1603 1093 1834 1148; x_wconf 86' lang='lat' dir='ltr'>ingressus</span> 
     </span>
     <span class='ocr_line' id='line_1_14' title="bbox 561 1152 1835 1209; baseline -0.005 -11"><span class='ocrx_word' id='word_1_82' title='bbox 561 1157 619 1198; x_wconf 83' lang='lat' dir='ltr'>ad</span> <span class='ocrx_word' id='word_1_83' title='bbox 651 1154 883 1196; x_wconf 88' lang='lat' dir='ltr'>aurificem</span> <span class='ocrx_word' id='word_1_84' title='bbox 915 1168 1028 1209; x_wconf 91' lang='lat' dir='ltr'>opus</span> <span class='ocrx_word' id='word_1_85' title='bbox 1060 1153 1379 1196; x_wconf 86' lang='lat' dir='ltr'>considerandi</span> <span class='ocrx_word' id='word_1_86' title='bbox 1409 1153 1558 1208; x_wconf 88' lang='lat' dir='ltr'>gratia</span> <span class='ocrx_word' id='word_1_87' title='bbox 1589 1166 1732 1207; x_wconf 91' lang='lat' dir='ltr'>eoque</span> <span class='ocrx_word' id='word_1_88' title='bbox 1771 1152 1835 1193; x_wconf 90' lang='lat' dir='ltr'>in-</span> 
     </span>
     <span class='ocr_line' id='line_1_15' title="bbox 562 1210 1834 1270; baseline -0.005 -13"><span class='ocrx_word' id='word_1_89' title='bbox 562 1216 718 1270; x_wconf 87' lang='lat' dir='ltr'>specto</span> <span class='ocrx_word' id='word_1_90' title='bbox 750 1213 889 1254; x_wconf 87' lang='lat' dir='ltr'>altius</span> <span class='ocrx_word' id='word_1_91' title='bbox 920 1213 1196 1268; x_wconf 84' lang='lat' dir='ltr'>ingemuisse</span> <span class='ocrx_word' id='word_1_92' title='bbox 1227 1213 1390 1255; x_wconf 90' lang='lat' dir='ltr'>fertur.</span> <span class='ocrx_word' id='word_1_93' title='bbox 1461 1211 1597 1253; x_wconf 85' lang='lat' dir='ltr'>Tanti</span> <span class='ocrx_word' id='word_1_94' title='bbox 1636 1210 1834 1265; x_wconf 86' lang='lat' dir='ltr'>gemitus</span> 
     </span>
     <span class='ocr_line' id='line_1_16' title="bbox 562 1270 1834 1326; baseline -0.002 -10"><span class='ocrx_word' id='word_1_95' title='bbox 562 1287 745 1316; x_wconf 87' lang='lat' dir='ltr'>causam</span> <span class='ocrx_word' id='word_1_96' title='bbox 778 1272 886 1313; x_wconf 89' lang='lat' dir='ltr'>dum</span> <span class='ocrx_word' id='word_1_97' title='bbox 919 1272 1052 1314; x_wconf 88' lang='lat' dir='ltr'>faber</span> <span class='ocrx_word' id='word_1_98' title='bbox 1085 1272 1353 1326; x_wconf 81' lang='lat' dir='ltr'>interrogat,</span> <span class='ocrx_word' id='word_1_99' title='bbox 1396 1271 1482 1313; x_wconf 88' lang='lat' dir='ltr'>hoc</span> <span class='ocrx_word' id='word_1_100' title='bbox 1521 1270 1728 1325; x_wconf 86' lang='lat' dir='ltr'>responsi</span> <span class='ocrx_word' id='word_1_101' title='bbox 1767 1282 1834 1313; x_wconf 82' lang='lat' dir='ltr'>ae-</span> 
     </span>
     <span class='ocr_line' id='line_1_17' title="bbox 563 1328 1894 1387; baseline -0.004 -14"><span class='ocrx_word' id='word_1_102' title='bbox 563 1332 698 1387; x_wconf 86' lang='lat' dir='ltr'>cepit,</span> <span class='ocrx_word' id='word_1_103' title='bbox 741 1331 848 1385; x_wconf 88' lang='lat' dir='ltr'>quia-</span> <span class='ocrx_word' id='word_1_104' title='bbox 888 1331 1052 1386; x_wconf 88' lang='lat' dir='ltr'>optimi</span> <span class='ocrx_word' id='word_1_105' title='bbox 1091 1331 1177 1372; x_wconf 85' lang='lat' dir='ltr'>viri</span> <span class='ocrx_word' id='word_1_106' title='bbox 1208 1330 1420 1372; x_wconf 83' lang='lat' dir='ltr'>Heinrici</span> <span class='ocrx_word' id='word_1_107' title='bbox 1459 1331 1563 1384; x_wconf 89' lang='lat' dir='ltr'>post</span> <span class='ocrx_word' id='word_1_108' title='bbox 1604 1328 1835 1370; x_wconf 89' lang='lat' dir='ltr'>modicum</span> <span class='ocrx_word' id='word_1_109' title='bbox 1861 1342 1894 1368; x_wconf 84' lang='lat'>15</span> 
     </span>
     <span class='ocr_line' id='line_1_18' title="bbox 563 1387 1835 1444; baseline -0.005 -10"><span class='ocrx_word' id='word_1_110' title='bbox 563 1392 751 1434; x_wconf 87' lang='lat' dir='ltr'>deberet</span> <span class='ocrx_word' id='word_1_111' title='bbox 787 1389 870 1431; x_wconf 84' lang='lat' dir='ltr'>illa</span> <span class='ocrx_word' id='word_1_112' title='bbox 909 1392 1095 1444; x_wconf 89' lang='lat' dir='ltr'>torques</span> <span class='ocrx_word' id='word_1_113' title='bbox 1136 1389 1357 1443; x_wconf 85' lang='lat' dir='ltr'>sanguine</span> <span class='ocrx_word' id='word_1_114' title='bbox 1397 1388 1597 1430; x_wconf 88' lang='lat' dir='ltr'>infundi.</span> <span class='ocrx_word' id='word_1_115' title='bbox 1661 1387 1835 1430; x_wconf 85' lang='lat' dir='ltr'>Audita</span> 
     </span>
     <span class='ocr_line' id='line_1_19' title="bbox 560 1445 1835 1504; baseline -0.005 -10"><span class='ocrx_word' id='word_1_116' title='bbox 560 1451 692 1494; x_wconf 89' lang='lat' dir='ltr'>faber</span> <span class='ocrx_word' id='word_1_117' title='bbox 713 1451 933 1503; x_wconf 82' lang='lat' dir='ltr'>tanquam</span> <span class='ocrx_word' id='word_1_118' title='bbox 954 1449 1287 1504; x_wconf 87' lang='lat' dir='ltr'>parvipendens</span> <span class='ocrx_word' id='word_1_119' title='bbox 1309 1448 1492 1490; x_wconf 91' lang='lat' dir='ltr'>silentio</span> <span class='ocrx_word' id='word_1_120' title='bbox 1513 1447 1643 1489; x_wconf 87' lang='lat' dir='ltr'>texit.</span> <span class='ocrx_word' id='word_1_121' title='bbox 1689 1445 1835 1501; x_wconf 87' lang='lat' dir='ltr'>Opere</span> 
     </span>
     <span class='ocr_line' id='line_1_20' title="bbox 562 1504 1833 1567; baseline -0.006 -14"><span class='ocrx_word' id='word_1_122' title='bbox 562 1510 769 1567; x_wconf 84' lang='lat' dir='ltr'>perfecto</span> <span class='ocrx_word' id='word_1_123' title='bbox 800 1509 1063 1562; x_wconf 88' lang='lat' dir='ltr'>traditoque</span> <span class='ocrx_word' id='word_1_124' title='bbox 1097 1507 1357 1549; x_wconf 89' lang='lat' dir='ltr'>missionem</span> <span class='ocrx_word' id='word_1_125' title='bbox 1397 1507 1516 1561; x_wconf 89' lang='lat' dir='ltr'>petit</span> <span class='ocrx_word' id='word_1_126' title='bbox 1557 1507 1604 1548; x_wconf 92' lang='lat' dir='ltr'>et</span> <span class='ocrx_word' id='word_1_127' title='bbox 1643 1504 1833 1559; x_wconf 87' lang='lat' dir='ltr'>accepit,</span> 
     </span>
     <span class='ocr_line' id='line_1_21' title="bbox 562 1563 1835 1620; baseline -0.007 -7"><span class='ocrx_word' id='word_1_128' title='bbox 562 1579 893 1620; x_wconf 87' lang='lat' dir='ltr'>occurrensque</span> <span class='ocrx_word' id='word_1_129' title='bbox 926 1567 1032 1609; x_wconf 88' lang='lat' dir='ltr'>duci</span> <span class='ocrx_word' id='word_1_130' title='bbox 1062 1568 1192 1608; x_wconf 86' lang='lat' dir='ltr'>iuxta</span> <span class='ocrx_word' id='word_1_131' title='bbox 1222 1566 1374 1608; x_wconf 90' lang='lat' dir='ltr'>locum</span> <span class='ocrx_word' id='word_1_132' title='bbox 1414 1565 1493 1619; x_wconf 91' lang='lat' dir='ltr'>qui</span> <span class='ocrx_word' id='word_1_133' title='bbox 1533 1564 1703 1606; x_wconf 87' lang='lat' dir='ltr'>dicitur</span> <span class='ocrx_word' id='word_1_134' title='bbox 1733 1563 1835 1605; x_wconf 84' lang='lat' dir='ltr'>Oas-</span> 
     </span>
     <span class='ocr_line' id='line_1_22' title="bbox 563 1622 1897 1680; baseline -0.007 -8"><span class='ocrx_word' id='word_1_135' title='bbox 563 1628 688 1672; x_wconf 79' lang='lat' dir='ltr'>sala²</span> <span class='ocrx_word' id='word_1_136' title='bbox 720 1629 895 1668; x_wconf 89' lang='lat' dir='ltr'>secreto</span> <span class='ocrx_word' id='word_1_137' title='bbox 927 1627 1195 1680; x_wconf 89' lang='lat' dir='ltr'>interrogat,</span> <span class='ocrx_word' id='word_1_138' title='bbox 1233 1639 1322 1679; x_wconf 89' lang='lat' dir='ltr'>quo</span> <span class='ocrx_word' id='word_1_139' title='bbox 1362 1625 1512 1666; x_wconf 91' lang='lat' dir='ltr'>iturus</span> <span class='ocrx_word' id='word_1_140' title='bbox 1553 1624 1686 1666; x_wconf 86' lang='lat' dir='ltr'>esset.</span> <span class='ocrx_word' id='word_1_141' title='bbox 1747 1622 1836 1664; x_wconf 80' lang='lat' dir='ltr'>Ille</span> <span class='ocrx_word' id='word_1_142' title='bbox 1861 1636 1897 1662; x_wconf 84' lang='lat'>20</span> 
     </span>
     <span class='ocr_line' id='line_1_23' title="bbox 564 1682 1837 1738; baseline -0.008 -6"><span class='ocrx_word' id='word_1_143' title='bbox 564 1703 610 1732; x_wconf 89' lang='lat' dir='ltr'>se</span> <span class='ocrx_word' id='word_1_144' title='bbox 633 1686 690 1729; x_wconf 88' lang='lat' dir='ltr'>ad</span> <span class='ocrx_word' id='word_1_145' title='bbox 714 1684 971 1727; x_wconf 82' lang='lat' dir='ltr'>convivium</span> <span class='ocrx_word' id='word_1_146' title='bbox 995 1698 1249 1738; x_wconf 90' lang='lat' dir='ltr'>munusque</span> <span class='ocrx_word' id='word_1_147' title='bbox 1266 1683 1567 1725; x_wconf 86' lang='lat' dir='ltr'>honorificum</span> <span class='ocrx_word' id='word_1_148' title='bbox 1588 1682 1837 1724; x_wconf 81' lang='lat' dir='ltr'>invitatum</span> 
     </span>
     <span class='ocr_line' id='line_1_24' title="bbox 564 1740 1836 1798; baseline -0.007 -8"><span class='ocrx_word' id='word_1_149' title='bbox 564 1751 610 1791; x_wconf 88' lang='lat' dir='ltr'>et</span> <span class='ocrx_word' id='word_1_150' title='bbox 657 1745 716 1787; x_wconf 88' lang='lat' dir='ltr'>ad</span> <span class='ocrx_word' id='word_1_151' title='bbox 762 1744 848 1786; x_wconf 87' lang='lat' dir='ltr'>hoc</span> <span class='ocrx_word' id='word_1_152' title='bbox 894 1745 959 1787; x_wconf 86' lang='lat' dir='ltr'>ire</span> <span class='ocrx_word' id='word_1_153' title='bbox 999 1744 1118 1787; x_wconf 89' lang='lat' dir='ltr'>velle</span> <span class='ocrx_word' id='word_1_154' title='bbox 1164 1742 1415 1798; x_wconf 88' lang='lat' dir='ltr'>respondit.</span> <span class='ocrx_word' id='word_1_155' title='bbox 1493 1741 1685 1783; x_wconf 83' lang='lat' dir='ltr'>Aurifex</span> <span class='ocrx_word' id='word_1_156' title='bbox 1729 1740 1836 1782; x_wconf 89' lang='lat' dir='ltr'>ilico</span> 
     </span>
     <span class='ocr_line' id='line_1_25' title="bbox 564 1799 1835 1857; baseline -0.008 -7"><span class='ocrx_word' id='word_1_157' title='bbox 564 1805 725 1850; x_wconf 88' lang='lat' dir='ltr'>audita</span> <span class='ocrx_word' id='word_1_158' title='bbox 768 1804 922 1857; x_wconf 88' lang='lat' dir='ltr'>prodit</span> <span class='ocrx_word' id='word_1_159' title='bbox 968 1805 1014 1846; x_wconf 90' lang='lat' dir='ltr'>et</span> <span class='ocrx_word' id='word_1_160' title='bbox 1061 1803 1223 1844; x_wconf 89' lang='lat' dir='ltr'>ducem</span> <span class='ocrx_word' id='word_1_161' title='bbox 1270 1801 1327 1843; x_wconf 87' lang='lat' dir='ltr'>ab</span> <span class='ocrx_word' id='word_1_162' title='bbox 1373 1801 1537 1842; x_wconf 89' lang='lat' dir='ltr'>itinere</span> <span class='ocrx_word' id='word_1_163' title='bbox 1583 1799 1835 1855; x_wconf 87' lang='lat' dir='ltr'>prohibuit.</span> 
     </span>
     <span class='ocr_line' id='line_1_26' title="bbox 561 1858 1838 1916; baseline -0.008 -8"><span class='ocrx_word' id='word_1_164' title='bbox 561 1865 709 1908; x_wconf 88' lang='lat' dir='ltr'>Vocat</span> <span class='ocrx_word' id='word_1_165' title='bbox 756 1865 910 1904; x_wconf 87' lang='lat' dir='ltr'>autem</span> <span class='ocrx_word' id='word_1_166' title='bbox 956 1862 1181 1916; x_wconf 87' lang='lat' dir='ltr'>legatum,</span> <span class='ocrx_word' id='word_1_167' title='bbox 1229 1861 1307 1914; x_wconf 90' lang='lat' dir='ltr'>qui</span> <span class='ocrx_word' id='word_1_168' title='bbox 1353 1873 1407 1902; x_wconf 87' lang='lat' dir='ltr'>ea</span> <span class='ocrx_word' id='word_1_169' title='bbox 1452 1860 1566 1901; x_wconf 86' lang='lat' dir='ltr'>hora</span> <span class='ocrx_word' id='word_1_170' title='bbox 1609 1858 1838 1901; x_wconf 86' lang='lat' dir='ltr'>invitandi</span> 
     </span>
     <span class='ocr_line' id='line_1_27' title="bbox 565 1916 1897 1975; baseline -0.008 -7"><span class='ocrx_word' id='word_1_171' title='bbox 565 1938 669 1968; x_wconf 87' lang='lat' dir='ltr'>eum</span> <span class='ocrx_word' id='word_1_172' title='bbox 721 1922 871 1975; x_wconf 82' lang='lat' dir='ltr'>gratia</span> <span class='ocrx_word' id='word_1_173' title='bbox 916 1917 1120 1970; x_wconf 71' lang='lat' dir='ltr'>aderatd,</span> <span class='ocrx_word' id='word_1_174' title='bbox 1167 1920 1452 1974; x_wconf 80' lang='lat' dir='ltr'>imperatque</span> <span class='ocrx_word' id='word_1_175' title='bbox 1503 1918 1595 1960; x_wconf 90' lang='lat' dir='ltr'>suis</span> <span class='ocrx_word' id='word_1_176' title='bbox 1642 1916 1838 1959; x_wconf 88' lang='lat' dir='ltr'>dominis</span> <span class='ocrx_word' id='word_1_177' title='bbox 1862 1930 1897 1956; x_wconf 80' lang='lat'>25</span> 
     </span>
     <span class='ocr_line' id='line_1_28' title="bbox 566 1978 1838 2039; baseline -0.007 -14"><span class='ocrx_word' id='word_1_178' title='bbox 566 1981 737 2039; x_wconf 85' lang='lat' dir='ltr'>gratias</span> <span class='ocrx_word' id='word_1_179' title='bbox 780 1994 914 2036; x_wconf 87' lang='lat' dir='ltr'>agere</span> <span class='ocrx_word' id='word_1_180' title='bbox 955 1994 1037 2035; x_wconf 90' lang='lat' dir='ltr'>pro</span> <span class='ocrx_word' id='word_1_181' title='bbox 1078 1978 1204 2021; x_wconf 87' lang='lat' dir='ltr'>fideli</span> <span class='ocrx_word' id='word_1_182' title='bbox 1242 1978 1534 2027; x_wconf 84' lang='lat' dir='ltr'>invitatione,</span> <span class='ocrx_word' id='word_1_183' title='bbox 1575 1990 1668 2017; x_wconf 89' lang='lat' dir='ltr'>non</span> <span class='ocrx_word' id='word_1_184' title='bbox 1707 1989 1838 2030; x_wconf 83' lang='lat' dir='ltr'>posse</span> 
     </span>
     <span class='ocr_line' id='line_1_29' title="bbox 564 2034 1838 2095; baseline -0.007 -10"><span class='ocrx_word' id='word_1_185' title='bbox 564 2055 671 2085; x_wconf 86' lang='lat' dir='ltr'>vero</span> <span class='ocrx_word' id='word_1_186' title='bbox 702 2040 751 2081; x_wconf 91' lang='lat' dir='ltr'>in</span> <span class='ocrx_word' id='word_1_187' title='bbox 784 2040 987 2095; x_wconf 85' lang='lat' dir='ltr'>presenti</span> <span class='ocrx_word' id='word_1_188' title='bbox 1018 2052 1093 2081; x_wconf 90' lang='lat' dir='ltr'>eos</span> <span class='ocrx_word' id='word_1_189' title='bbox 1124 2038 1310 2080; x_wconf 87' lang='lat' dir='ltr'>visitare</span> <span class='ocrx_word' id='word_1_190' title='bbox 1351 2038 1538 2091; x_wconf 87' lang='lat' dir='ltr'>propter</span> <span class='ocrx_word' id='word_1_191' title='bbox 1576 2034 1838 2090; x_wconf 88' lang='lat' dir='ltr'>repentinas</span> 
     </span>
     <span class='ocr_line' id='line_1_30' title="bbox 564 2093 1838 2148; baseline -0.007 -5"><span class='ocrx_word' id='word_1_192' title='bbox 564 2100 864 2145; x_wconf 86' lang='lat' dir='ltr'>barbarorum</span> <span class='ocrx_word' id='word_1_193' title='bbox 895 2098 1200 2148; x_wconf 87' lang='lat' dir='ltr'>incursiones;</span> <span class='ocrx_word' id='word_1_194' title='bbox 1238 2097 1442 2138; x_wconf 88' lang='lat' dir='ltr'>ceterum</span> <span class='ocrx_word' id='word_1_195' title='bbox 1473 2095 1520 2136; x_wconf 91' lang='lat' dir='ltr'>in</span> <span class='ocrx_word' id='word_1_196' title='bbox 1554 2094 1624 2136; x_wconf 90' lang='lat' dir='ltr'>sui</span> <span class='ocrx_word' id='word_1_197' title='bbox 1655 2093 1838 2136; x_wconf 84' lang='lat' dir='ltr'>servitio</span> 
     </span>
     <span class='ocr_line' id='line_1_31' title="bbox 565 2154 1839 2212; baseline -0.008 -9"><span class='ocrx_word' id='word_1_198' title='bbox 565 2159 888 2203; x_wconf 81' lang='lat' dir='ltr'>incunctanter</span> <span class='ocrx_word' id='word_1_199' title='bbox 919 2170 1280 2212; x_wconf 88' lang='lat' dir='ltr'>permansurum.</span> <span class='ocrx_word' id='word_1_200' title='bbox 1331 2154 1406 2196; x_wconf 92' lang='lat' dir='ltr'>Ad</span> <span class='ocrx_word' id='word_1_201' title='bbox 1437 2154 1659 2196; x_wconf 89' lang='lat' dir='ltr'>orientem</span> <span class='ocrx_word' id='word_1_202' title='bbox 1684 2154 1839 2194; x_wconf 89' lang='lat' dir='ltr'>autem</span> 
     </span>
     <span class='ocr_line' id='line_1_32' title="bbox 565 2210 1899 2262; baseline -0.007 -1"><span class='ocrx_word' id='word_1_203' title='bbox 565 2231 723 2262; x_wconf 89' lang='lat' dir='ltr'>versus</span> <span class='ocrx_word' id='word_1_204' title='bbox 755 2232 859 2259; x_wconf 87' lang='lat' dir='ltr'>cum</span> <span class='ocrx_word' id='word_1_205' title='bbox 891 2230 972 2258; x_wconf 91' lang='lat' dir='ltr'>suo</span> <span class='ocrx_word' id='word_1_206' title='bbox 1010 2215 1233 2258; x_wconf 91' lang='lat' dir='ltr'>comitatu</span> <span class='ocrx_word' id='word_1_207' title='bbox 1273 2213 1467 2255; x_wconf 88' lang='lat' dir='ltr'>collecta</span> <span class='ocrx_word' id='word_1_208' title='bbox 1507 2226 1646 2253; x_wconf 86' lang='lat' dir='ltr'>manu</span> <span class='ocrx_word' id='word_1_209' title='bbox 1686 2210 1839 2253; x_wconf 88' lang='lat' dir='ltr'>omnia</span> <span class='ocrx_word' id='word_1_210' title='bbox 1864 2224 1899 2251; x_wconf 79' lang='lat'>30</span> 
     </span>
     <span class='ocr_line' id='line_1_33' title="bbox 567 2269 1838 2333; baseline -0.007 -14"><span class='ocrx_word' id='word_1_211' title='bbox 567 2292 654 2333; x_wconf 92' lang='lat' dir='ltr'>que</span> <span class='ocrx_word' id='word_1_212' title='bbox 695 2279 826 2318; x_wconf 88' lang='lat' dir='ltr'>erant</span> <span class='ocrx_word' id='word_1_213' title='bbox 857 2275 1099 2330; x_wconf 83' lang='lat' dir='ltr'>pontificis,</span> <span class='ocrx_word' id='word_1_214' title='bbox 1142 2273 1220 2327; x_wconf 89' lang='lat' dir='ltr'>qui</span> <span class='ocrx_word' id='word_1_215' title='bbox 1261 2285 1313 2314; x_wconf 89' lang='lat' dir='ltr'>eo</span> <span class='ocrx_word' id='word_1_216' title='bbox 1353 2275 1559 2326; x_wconf 88' lang='lat' dir='ltr'>tempore</span> <span class='ocrx_word' id='word_1_217' title='bbox 1599 2269 1838 2324; x_wconf 82' lang='lat' dir='ltr'>Maguntie</span> 
     </span>
     <span class='ocr_line' id='line_1_34' title="bbox 566 2328 1839 2393; baseline -0.007 -15"><span class='ocrx_word' id='word_1_218' title='bbox 566 2338 761 2393; x_wconf 76' lang='lat' dir='ltr'>preerat,</span> <span class='ocrx_word' id='word_1_219' title='bbox 795 2333 1054 2376; x_wconf 73' lang='lat' dir='ltr'>Hathonise</span> <span class='ocrx_word' id='word_1_220' title='bbox 1085 2333 1134 2373; x_wconf 92' lang='lat' dir='ltr'>in</span> <span class='ocrx_word' id='word_1_221' title='bbox 1165 2331 1290 2373; x_wconf 90' lang='lat' dir='ltr'>omni</span> <span class='ocrx_word' id='word_1_222' title='bbox 1321 2330 1518 2372; x_wconf 84' lang='lat' dir='ltr'>Saxonia</span> <span class='ocrx_word' id='word_1_223' title='bbox 1547 2328 1621 2371; x_wconf 85' lang='lat' dir='ltr'>vel</span> <span class='ocrx_word' id='word_1_224' title='bbox 1649 2328 1839 2370; x_wconf 84' lang='lat' dir='ltr'>Thurin-</span> 
     </span>
     <span class='ocr_line' id='line_1_35' title="bbox 567 2388 1839 2450; baseline -0.006 -14"><span class='ocrx_word' id='word_1_225' title='bbox 567 2409 727 2450; x_wconf 91' lang='lat' dir='ltr'>gorum</span> <span class='ocrx_word' id='word_1_226' title='bbox 760 2397 883 2435; x_wconf 87' lang='lat' dir='ltr'>terra</span> <span class='ocrx_word' id='word_1_227' title='bbox 915 2391 1168 2447; x_wconf 85' lang='lat' dir='ltr'>occupavit.</span> <span class='ocrx_word' id='word_1_228' title='bbox 1232 2389 1548 2431; x_wconf 86' lang='lat' dir='ltr'>Burchardum</span> <span class='ocrx_word' id='word_1_229' title='bbox 1581 2400 1760 2442; x_wconf 89' lang='lat' dir='ltr'>quoque</span> <span class='ocrx_word' id='word_1_230' title='bbox 1792 2388 1839 2429; x_wconf 89' lang='lat' dir='ltr'>et</span> 
     </span>
     <span class='ocr_line' id='line_1_36' title="bbox 568 2445 1840 2505; baseline -0.008 -9"><span class='ocrx_word' id='word_1_231' title='bbox 568 2454 845 2501; x_wconf 81' lang='lat' dir='ltr'>Bardonem,</span> <span class='ocrx_word' id='word_1_232' title='bbox 887 2464 1080 2505; x_wconf 88' lang='lat' dir='ltr'>quorum</span> <span class='ocrx_word' id='word_1_233' title='bbox 1121 2449 1239 2491; x_wconf 87' lang='lat' dir='ltr'>alter</span> <span class='ocrx_word' id='word_1_234' title='bbox 1285 2461 1426 2503; x_wconf 90' lang='lat' dir='ltr'>gener</span> <span class='ocrx_word' id='word_1_235' title='bbox 1471 2447 1591 2502; x_wconf 89' lang='lat' dir='ltr'>regis</span> <span class='ocrx_word' id='word_1_236' title='bbox 1632 2448 1749 2496; x_wconf 81' lang='lat' dir='ltr'>erat,</span> <span class='ocrx_word' id='word_1_237' title='bbox 1790 2445 1840 2487; x_wconf 90' lang='lat' dir='ltr'>in</span> 
     </span>
     <span class='ocr_line' id='line_1_37' title="bbox 565 2504 1900 2561; baseline -0.008 -6"><span class='ocrx_word' id='word_1_238' title='bbox 565 2515 749 2556; x_wconf 82' lang='lat' dir='ltr'>tantum</span> <span class='ocrx_word' id='word_1_239' title='bbox 781 2510 948 2553; x_wconf 86' lang='lat' dir='ltr'>afflixit</span> <span class='ocrx_word' id='word_1_240' title='bbox 989 2512 1035 2552; x_wconf 88' lang='lat' dir='ltr'>et</span> <span class='ocrx_word' id='word_1_241' title='bbox 1076 2508 1209 2551; x_wconf 89' lang='lat' dir='ltr'>bellis</span> <span class='ocrx_word' id='word_1_242' title='bbox 1248 2506 1567 2561; x_wconf 79' lang='lat' dir='ltr'>frequentibus</span> <span class='ocrx_word' id='word_1_243' title='bbox 1609 2504 1838 2554; x_wconf 84' lang='lat' dir='ltr'>contrivit,</span> <span class='ocrx_word' id='word_1_244' title='bbox 1865 2517 1900 2544; x_wconf 76' lang='lat'>³5</span> 
     </span>
     <span class='ocr_line' id='line_1_38' title="bbox 567 2564 1839 2621; baseline -0.008 -7"><span class='ocrx_word' id='word_1_245' title='bbox 567 2575 620 2614; x_wconf 90' lang='lat' dir='ltr'>ut</span> <span class='ocrx_word' id='word_1_246' title='bbox 641 2575 765 2614; x_wconf 88' lang='lat' dir='ltr'>terra</span> <span class='ocrx_word' id='word_1_247' title='bbox 787 2570 1014 2620; x_wconf 85' lang='lat' dir='ltr'>cederent,</span> <span class='ocrx_word' id='word_1_248' title='bbox 1039 2580 1286 2621; x_wconf 89' lang='lat' dir='ltr'>eorumque</span> <span class='ocrx_word' id='word_1_249' title='bbox 1307 2580 1488 2608; x_wconf 90' lang='lat' dir='ltr'>omnem</span> <span class='ocrx_word' id='word_1_250' title='bbox 1511 2564 1839 2620; x_wconf 88' lang='lat' dir='ltr'>possessionem</span> 
     </span>
    </p>
   </div>
   <div class='ocr_carea' id='block_1_7' title="bbox 354 2711 1842 2791">
    <p class='ocr_par' dir='ltr' id='par_1_7' title="bbox 354 2711 1842 2791">
     <span class='ocr_line' id='line_1_39' title="bbox 354 2711 1842 2758; baseline -0.009 -8"><span class='ocrx_word' id='word_1_251' title='bbox 354 2724 384 2758; x_wconf 86' lang='lat' dir='ltr'>a)</span> <span class='ocrx_word' id='word_1_252' title='bbox 402 2724 582 2751; x_wconf 81' lang='lat' dir='ltr'>restituisset</span> <span class='ocrx_word' id='word_1_253' title='bbox 599 2724 683 2750; x_wconf 82' lang='lat' dir='ltr'>Frut.</span> <span class='ocrx_word' id='word_1_254' title='bbox 718 2722 763 2752; x_wconf 77' lang='lat' dir='ltr'>Cf.</span> <span class='ocrx_word' id='word_1_255' title='bbox 780 2728 873 2753; x_wconf 73' lang='lat' dir='ltr'>supra</span> <span class='ocrx_word' id='word_1_256' title='bbox 893 2727 927 2752; x_wconf 74' lang='lat' dir='ltr'>p.</span> <span class='ocrx_word' id='word_1_257' title='bbox 945 2719 989 2751; x_wconf 81' lang='lat'>27,</span> <span class='ocrx_word' id='word_1_258' title='bbox 1010 2719 1029 2747; x_wconf 84' lang='lat' dir='ltr'>l.</span> <span class='ocrx_word' id='word_1_259' title='bbox 1048 2718 1091 2746; x_wconf 89' lang='lat'>15.</span> <span class='ocrx_word' id='word_1_260' title='bbox 1174 2717 1205 2749; x_wconf 88' lang='lat' dir='ltr'>b)</span> <span class='ocrx_word' id='word_1_261' title='bbox 1223 2715 1383 2743; x_wconf 83' lang='lat' dir='ltr'>ludouuico</span> <span class='ocrx_word' id='word_1_262' title='bbox 1402 2716 1468 2749; x_wconf 74' lang='lat'>1313</span> <span class='ocrx_word' id='word_1_263' title='bbox 1490 2714 1650 2741; x_wconf 80' lang='lat' dir='ltr'>Lothouieo</span> <span class='ocrx_word' id='word_1_264' title='bbox 1669 2713 1736 2746; x_wconf 76' lang='lat'>1323</span> <span class='ocrx_word' id='word_1_265' title='bbox 1757 2711 1842 2739; x_wconf 76' lang='lat' dir='ltr'>lude-</span> 
     </span>
     <span class='ocr_line' id='line_1_40' title="bbox 354 2749 1752 2791; baseline -0.009 -5"><span class='ocrx_word' id='word_1_266' title='bbox 354 2761 428 2786; x_wconf 81' lang='lat' dir='ltr'>wico</span> <span class='ocrx_word' id='word_1_267' title='bbox 447 2760 530 2788; x_wconf 80' lang='lat' dir='ltr'>Frut.</span> <span class='ocrx_word' id='word_1_268' title='bbox 602 2761 629 2791; x_wconf 83' lang='lat' dir='ltr'>e)</span> <span class='ocrx_word' id='word_1_269' title='bbox 648 2757 788 2784; x_wconf 81' lang='lat' dir='ltr'>insidiare</span> <span class='ocrx_word' id='word_1_270' title='bbox 808 2757 843 2784; x_wconf 82' lang='grc' dir='ltr'>Α.</span> <span class='ocrx_word' id='word_1_271' title='bbox 915 2754 946 2788; x_wconf 91' lang='lat' dir='ltr'>d)</span> <span class='ocrx_word' id='word_1_272' title='bbox 965 2753 1004 2780; x_wconf 81' lang='lat' dir='ltr'>ad</span> <span class='ocrx_word' id='word_1_273' title='bbox 1024 2757 1089 2780; x_wconf 81' lang='lat' dir='ltr'>erat</span> <span class='ocrx_word' id='word_1_274' title='bbox 1107 2754 1168 2779; x_wconf 84' lang='lat' dir='ltr'>loco</span> <span class='ocrx_word' id='word_1_275' title='bbox 1188 2760 1256 2778; x_wconf 75' lang='lat' dir='ltr'>raso</span> <span class='ocrx_word' id='word_1_276' title='bbox 1275 2753 1399 2779; x_wconf 66' lang='lat' dir='ltr'>distinct.</span> <span class='ocrx_word' id='word_1_277' title='bbox 1418 2752 1455 2779; x_wconf 80' lang='grc' dir='ltr'>Δ.</span> <span class='ocrx_word' id='word_1_278' title='bbox 1524 2752 1552 2781; x_wconf 81' lang='lat' dir='ltr'>e)</span> <span class='ocrx_word' id='word_1_279' title='bbox 1570 2749 1611 2775; x_wconf 67' lang='lat' dir='ltr'>sic</span> <span class='ocrx_word' id='word_1_280' title='bbox 1629 2749 1659 2775; x_wconf 82' lang='lat' dir='ltr'>h.</span> <span class='ocrx_word' id='word_1_281' title='bbox 1679 2749 1700 2778; x_wconf 81' lang='lat' dir='ltr'>l.</span> <span class='ocrx_word' id='word_1_282' title='bbox 1716 2750 1752 2776; x_wconf 77' lang='grc' dir='ltr'>Δ.</span> 
     </span>
    </p>
   </div>
   <div class='ocr_carea' id='block_1_8' title="bbox 355 2865 1900 3013">
    <p class='ocr_par' dir='ltr' id='par_1_8' title="bbox 355 2865 1900 3013">
     <span class='ocr_line' id='line_1_41' title="bbox 358 2865 1844 2922; baseline -0.01 -9"><span class='ocrx_word' id='word_1_283' title='bbox 358 2879 393 2922; x_wconf 92' lang='grc'>1)</span> <span class='ocrx_word' id='word_1_284' title='bbox 423 2877 478 2919; x_wconf 78' lang='lat' dir='ltr'>Cf.</span> <span class='ocrx_word' id='word_1_285' title='bbox 504 2877 590 2918; x_wconf 63' lang='grc' dir='ltr'>Κεφ.</span> <span class='ocrx_word' id='word_1_286' title='bbox 615 2877 706 2918; x_wconf 81' lang='lat' dir='ltr'>Imp.</span> <span class='ocrx_word' id='word_1_287' title='bbox 732 2876 764 2917; x_wconf 78' lang='lat' dir='ltr'>Iy</span> <span class='ocrx_word' id='word_1_288' title='bbox 789 2885 847 2909; x_wconf 82' lang='lat' dir='ltr'>nr.</span> <span class='ocrx_word' id='word_1_289' title='bbox 876 2875 967 2910; x_wconf 84' lang='lat'>1982</span> <span class='ocrx_word' id='word_1_290' title='bbox 978 2884 1012 2908; x_wconf 86' lang='lat' dir='ltr'>a.</span> <span class='ocrx_word' id='word_1_291' title='bbox 1109 2873 1145 2915; x_wconf 80' lang='lat'>2)</span> <span class='ocrx_word' id='word_1_292' title='bbox 1174 2871 1314 2907; x_wconf 75' lang='lat' dir='ltr'>Kassez.</span> <span class='ocrx_word' id='word_1_293' title='bbox 1355 2869 1437 2903; x_wconf 81' lang='lat' dir='ltr'>Duo</span> <span class='ocrx_word' id='word_1_294' title='bbox 1461 2868 1657 2912; x_wconf 75' lang='lat' dir='ltr'>diplomata</span> <span class='ocrx_word' id='word_1_295' title='bbox 1683 2865 1844 2901; x_wconf 65' lang='lat' dir='ltr'>Gonrada·</span> 
     </span>
     <span class='ocr_line' id='line_1_42' title="bbox 355 2913 1900 2960; baseline -0.007 -2"><span class='ocrx_word' id='word_1_296' title='bbox 355 2936 391 2960; x_wconf 89' lang='lat' dir='ltr'>a.</span> <span class='ocrx_word' id='word_1_297' title='bbox 422 2925 501 2959; x_wconf 85' lang='lat'>913.</span> <span class='ocrx_word' id='word_1_298' title='bbox 539 2925 595 2956; x_wconf 80' lang='lat' dir='ltr'>die</span> <span class='ocrx_word' id='word_1_299' title='bbox 633 2925 688 2958; x_wconf 81' lang='lat'>18.</span> <span class='ocrx_word' id='word_1_300' title='bbox 726 2924 854 2955; x_wconf 75' lang='lat' dir='ltr'>mensis</span> <span class='ocrx_word' id='word_1_301' title='bbox 891 2919 1087 2955; x_wconf 75' lang='lat' dir='ltr'>Februarii</span> <span class='ocrx_word' id='word_1_302' title='bbox 1121 2919 1249 2952; x_wconf 81' lang='lat' dir='ltr'>ibidem</span> <span class='ocrx_word' id='word_1_303' title='bbox 1284 2917 1370 2950; x_wconf 83' lang='lat' dir='ltr'>data</span> <span class='ocrx_word' id='word_1_304' title='bbox 1409 2915 1491 2951; x_wconf 90' lang='lat' dir='ltr'>DD.</span> <span class='ocrx_word' id='word_1_305' title='bbox 1529 2915 1560 2957; x_wconf 91' lang='lat' dir='ltr'>I,</span> <span class='ocrx_word' id='word_1_306' title='bbox 1594 2925 1631 2957; x_wconf 77' lang='lat' dir='ltr'>p,</span> <span class='ocrx_word' id='word_1_307' title='bbox 1665 2914 1720 2949; x_wconf 89' lang='lat'>15.</span> <span class='ocrx_word' id='word_1_308' title='bbox 1783 2913 1840 2954; x_wconf 80' lang='lat' dir='ltr'>Cf.</span> <span class='ocrx_word' id='word_1_309' title='bbox 1864 2921 1900 2947; x_wconf 79' lang='lat'>40</span> 
     </span>
     <span class='ocr_line' id='line_1_43' title="bbox 363 2964 1789 3013; baseline -0.005 -9"><span class='ocrx_word' id='word_1_310' title='bbox 363 2972 495 3013; x_wconf 79' lang='lat' dir='ltr'>Waitz‚</span> <span class='ocrx_word' id='word_1_311' title='bbox 522 2970 662 3005; x_wconf 81' lang='lat' dir='ltr'>‘Heim·.</span> <span class='ocrx_word' id='word_1_312' title='bbox 687 2970 729 3005; x_wconf 73' lang='lat' dir='ltr'>I!</span> <span class='ocrx_word' id='word_1_313' title='bbox 749 2981 788 3013; x_wconf 78' lang='lat' dir='ltr'>p.</span> <span class='ocrx_word' id='word_1_314' title='bbox 807 2971 865 3010; x_wconf 84' lang='lat'>21,</span> <span class='ocrx_word' id='word_1_315' title='bbox 892 2980 926 3003; x_wconf 74' lang='lat' dir='ltr'>n.</span> <span class='ocrx_word' id='word_1_316' title='bbox 946 2970 977 3003; x_wconf 79' lang='lat'>7.</span> <span class='ocrx_word' id='word_1_317' title='bbox 1519 2964 1531 2973; x_wconf 52' lang='grc'>“’</span> <span class='ocrx_word' id='word_1_318' title='bbox 1784 2991 1789 2997; x_wconf 62' lang='grc'>,</span> 
     </span>
    </p>
   </div>
   <div class='ocr_carea' id='block_1_9' title="bbox 1986 0 2034 2044">
    <p class='ocr_par' dir='ltr' id='par_1_9' title="bbox 1986 0 2034 2044">
     <span class='ocr_line' id='line_1_44' title="bbox 1986 0 2034 2044; baseline 0 0"><span class='ocrx_word' id='word_1_319' title='bbox 1986 0 2034 2044; x_wconf 95' lang='lat' dir='ltr'> </span> 
     </span>
    </p>
   </div>
  </div>
 </body>
</html>
