2034 3380
378 336 452 372 XX
973 332 1276 371 PRAEFATIO.

379 454 616 497 recensione
657 454 866 496 nonnulla
905 459 1020 507 sunt,
1069 468 1175 507 quae
1214 458 1310 507 post
1347 455 1400 496 ab
1445 453 1540 509 ipso
1578 454 1741 499 inserta
1779 470 1868 499 esse

377 514 602 556 videantur
615 514 643 554 ¹.
695 513 883 555 Minime
913 527 1010 555 vero
1041 513 1361 556 concesserimus
1391 512 1602 567 inteyrum
1630 513 1782 556 librum
1801 515 1866 558 ita

381 586 466 615 esse
498 572 710 625 refectum,
742 576 790 614 ut
819 572 943 626 quasi
973 586 1125 614 novum
1157 586 1259 626 opus
1280 573 1524 626 procederet
1537 573 1563 626 ²,
1586 573 1650 615 vel
1669 587 1867 616 commen-

380 631 514 674 tarios
544 645 630 674 esse
660 632 713 674 ab
743 630 835 684 ipso
867 635 1035 674 auctore
1065 645 1152 673 non
1182 630 1287 673 satis
1318 631 1539 685 dispositos
1572 636 1611 674 et
1648 631 1865 686 expositos.

386 689 675 734 Widuhindus
705 704 808 732 sane
829 704 915 733 non
937 690 1092 743 paucis
1113 689 1214 732 locis
1242 689 1511 732 narrationis
1540 691 1661 743 filum
1682 691 1864 745 abrupit,
1890 708 1911 735 ⁶

378 763 446 791 res
477 749 644 792 alienas
674 748 912 802 immiscuit,
936 749 1125 791 ordinem
1150 748 1345 802 turbavit,
1367 750 1441 791 sed
1459 749 1507 791 id
1527 749 1701 792 consilio
1722 750 1864 804 eyisse,

378 813 424 850 ut
454 808 747 850 narrationem
778 807 969 850 variaret
999 811 1036 850 et
1067 812 1249 860 ornaret,
1283 809 1512 850 censendus
1541 813 1612 851 est.

522 867 622 909 Iam
667 880 763 909 vero
809 866 1029 908 editionem
1075 866 1137 908 ita
1182 866 1378 920 instituo,
1429 871 1476 909 ut
1524 866 1715 910 diversae
1766 867 1867 910 libri

377 925 638 969 recensiones
657 925 786 978 facile
799 924 967 978 possint
987 924 1184 967 discerni.
1224 924 1305 967 Oui
1323 926 1551 978 parandae
1571 926 1673 969 haec
1692 926 1870 978 fuerunt

378 984 592 1027 subsidia:
1269 1010 1271 1012 ·
1892 1003 1930 1028 10

521 1043 586 1097 A)
626 1043 763 1086 Codex
793 1056 931 1084 mense
969 1042 1135 1085 Octobri
1167 1057 1206 1084 a.
1245 1046 1370 1084 1832.
1412 1056 1464 1084 eoo
1503 1042 1714 1085 tabulario
1753 1043 1868 1097 reyio

380 1102 427 1144 in
461 1102 748 1145 bibliothecam
780 1101 941 1155 reyiam
972 1101 1333 1143 Dresdensem
1364 1101 1537 1154 delatus,
1579 1116 1693 1144 nunc
1728 1101 1868 1156 siyna-

379 1166 444 1203 tus
466 1161 505 1214 I,
539 1174 606 1203 nr.
631 1165 698 1213 38,
732 1161 1073 1203 membranaceus
1101 1161 1159 1213 4⁰,
1194 1164 1245 1202 21
1281 1159 1494 1214 foliorum,
1527 1174 1634 1214 quae
1663 1160 1713 1203 in
1744 1160 1872 1203 binas

380 1221 594 1262 columnas
625 1219 765 1262 divisa
796 1223 905 1262 sunt.
958 1218 1141 1261 Finitur
1160 1220 1259 1272 ΙΙΙ,
1285 1222 1353 1261 69.
1375 1219 1514 1262 verbis
1533 1233 1666 1273 supra
1687 1234 1735 1273 p.
1761 1219 1865 1273 XV,

379 1279 404 1321 l.
443 1283 509 1320 14.
553 1278 708 1332 allatis,
750 1278 1061 1321 continuatione
1101 1279 1305 1332 carens3,·
1343 1278 1525 1331 ideoque,
1567 1278 1733 1321 etiamsi
1763 1278 1928 1322 alibius

379 1339 486 1380 locos
525 1338 708 1380 maxime
747 1341 993 1380 retractatos
1027 1338 1219 1391 praebet,
1253 1337 1397 1391 primo
1438 1338 1522 1379 loco
1563 1334 1655 1380 eum
1694 1337 1865 1380 retinui.

387 1398 475 1450 Quo
505 1396 670 1440 saeculo
701 1397 958 1450 conscriptus
989 1396 1055 1449 sit,
1097 1395 1183 1438 viri
1222 1396 1331 1439 docti
1369 1396 1477 1438 miro
1517 1397 1637 1438 modo
1675 1395 1788 1438 inter
1825 1410 1868 1439 se

380 1456 689 1509 dissentiunt4,·
719 1470 837 1509 quem
869 1455 984 1498 circa
1016 1470 1056 1497 a.
1084 1458 1209 1497 1200.
1242 1456 1304 1497 vel
1326 1454 1471 1508 potius
1496 1455 1627 1508 paulo
1639 1459 1738 1508 post
1756 1455 1868 1498 hunc

380 1529 554 1568 annum,
587 1515 660 1557 sed
690 1519 787 1557 ante
813 1530 852 1556 a.
881 1518 1004 1567 1220,
1028 1518 1132 1556 utet
1158 1514 1204 1556 O.
1229 1514 1556 1568 Holder-Eyyer
1577 1518 1616 1556 et
1634 1514 1702 1556 M.
1730 1514 1868 1568 Tanyl

378 1578 626 1626 statuerunt,
669 1573 869 1627 scriptum
901 1587 986 1615 esse
1018 1573 1261 1615 censuerim.
1334 1573 1454 1615 Idem
1494 1572 1600 1615 liber
1639 1573 1737 1615 olim
1776 1586 1867 1616 con-
1891 1589 1930 1616 20

379 1633 537 1675 tinebat
558 1632 783 1675 chronicon
807 1631 978 1675 Cosmae
1000 1631 1235 1686 Prayensis
1255 1631 1440 1685 aliosque
1460 1632 1610 1685 fontes,
1633 1645 1734 1685 quos
1754 1646 1868 1686 nunc

378 1692 584 1734 seiunctos
606 1693 731 1734 codex
747 1690 1004 1734 Dresdensis
1020 1691 1060 1744 I,
1084 1704 1146 1733 nr.
1170 1694 1224 1732 43
1241 1691 1256 1716 5
1275 1691 1467 1733 continet.
1515 1690 1732 1744 Oriyinem
1748 1689 1870 1733 duxit

378 1843 580 1876 Annalistis
612 1843 754 1876 Saxone
787 1847 819 1875 et
843 1842 1157 1885 Maydeburqensi,
1191 1842 1320 1875 evoluti
1351 1842 1506 1885 capitum
1539 1841 1745 1875 divisionem
1777 1845 1870 1875 certe

378 1901 449 1924 non
473 1890 721 1930 eoehibuerunt,
750 1900 828 1923 cuin
853 1890 913 1922 illi
935 1890 1082 1931 sinyula
1103 1890 1221 1932 capita
1246 1899 1316 1922 non
1340 1889 1440 1922 modo
1460 1899 1561 1931 saepe
1581 1889 1717 1931 primis
1738 1889 1866 1922 litteris

375 1939 500 1981 parvis
520 1938 650 1981 positis
677 1938 861 1979 incipiant,
886 1937 944 1970 sed
968 1937 1145 1969 interdum.
1171 1936 1244 1969 ulla
1268 1939 1412 1969 careant
1431 1936 1664 1970 distinctione.
1755 1935 1788 1980 1)
1807 1935 1863 1977 C'f.
1889 1945 1927 1972 25

387 1985 492 2019 Wilh.
526 1985 567 2017 de
601 1984 836 2025 Giesebrecht,
872 1984 1084 2017 ‘Geschichte
1117 1984 1181 2016 der
1213 1983 1410 2016 Deutschen
1443 1983 1665 2016 Kaiserzeit'
1695 1983 1746 2017 ed.
1773 1985 1806 2018 5.
1832 1983 1863 2025 J,

372 2043 411 2075 p.
430 2033 512 2072 811,
538 2033 602 2074 qui
626 2032 741 2064 breves
765 2032 940 2074 quasdam
965 2031 1112 2064 notitias
1130 2032 1168 2063 in
1185 2031 1347 2072 margine
1364 2029 1506 2063 additas
1518 2033 1640 2072 postea
1656 2030 1869 2063 narrationi

379 2081 532 2112 insertas
563 2089 634 2112 esse
667 2080 817 2119 censuit,
854 2079 914 2111 sed
949 2078 992 2110 W
990 2078 1130 2111 ilhelmo
1163 2077 1389 2111 wattenbach
1425 2079 1586 2111 monente
1619 2087 1678 2109 eas
1710 2076 1756 2110 ab
1787 2078 1869 2121 ipso

387 2126 604 2159 Widukindo
629 2127 783 2168 scriptas
809 2136 879 2159 esse
912 2126 1084 2160 concessit.
1139 2125 1171 2157 V
1171 2127 1212 2158 icc
1246 2129 1362 2157 tamen
1386 2125 1505 2158 omnia
1539 2134 1628 2167 quae
1660 2124 1766 2166 affert
1797 2123 1866 2157 huc

372 2174 551 2218 pertinere
575 2173 738 2206 videntur
759 2174 832 2214 (ex.
855 2183 911 2215 Ην.
934 2172 967 2215 I,
985 2174 1060 2215 35).
1157 2172 1194 2213 2)
1220 2171 1326 2205 Hanc
1346 2171 1492 2213 Rudolfi
1509 2171 1634 2214 Ko'plce
1657 2172 1865 2205 sententiam
1889 2181 1929 2207 ao

376 2225 464 2254 recte
487 2221 658 2262 refutavit
682 2219 809 2254 Raase.
919 2219 955 2264 3)
989 2219 1113 2252 Etiam
1137 2218 1282 2261 librum,
1315 2220 1416 2252 cuius
1447 2218 1643 2261 eoeemplum
1676 2220 1725 2251 est
1758 2218 1865 2251 codex

377 2268 599 2310 Dresdensis,
626 2267 766 2310 reliqua
788 2270 893 2310 par-te
918 2268 1035 2309 operis
1059 2267 1217 2299 caruisse
1241 2265 1338 2308 apud
1362 2275 1414 2298 me
1438 2268 1583 2298 constat.
1630 2263 1757 2298 Ultimi
1771 2266 1865 2298 enim

376 2314 457 2356 folii
481 2317 582 2347 vacat
606 2315 762 2357 spatium
788 2313 958 2356 amplum,
983 2315 1022 2346 in
1046 2323 1113 2355 quo
1133 2313 1245 2356 plura
1260 2311 1372 2345 scribi
1388 2313 1597 2355 potuissent.
1685 2311 1723 2356 4)
1741 2311 1863 2355 Ebemt,

377 2360 539 2394 ‘Archiv’
557 2360 632 2403 III,
657 2372 692 2404 p.
711 2361 792 2402 605,
820 2360 914 2402 falso
938 2359 1102 2393 attribuit
1127 2359 1271 2393 codicem
1295 2360 1398 2392 initio
1418 2359 1550 2392 saeculi
1565 2358 1630 2391 XI
1636 2358 1684 2399 V,·
1709 2357 1863 2393 Fallcen-

376 2410 477 2451 stein,
505 2407 775 2450 ‘Beschreibuny
809 2408 872 2440 der
896 2407 1043 2449 Ko'niyl.
1079 2406 1209 2449 o'ffentl.
1236 2406 1433 2440 Bibliothek
1465 2417 1513 2439 zu
1536 2405 1713 2439 Dresden’
1738 2405 1864 2450 (1839)
1887 2415 1924 2442 85

373 2467 409 2499 p.
436 2457 517 2497 333,
550 2458 581 2488 et
606 2454 648 2490 G.
674 2455 790 2487 Waitz
817 2455 954 2487 saeculo
978 2453 1063 2486 XII
1068 2464 1083 2494 ;
1117 2453 1277 2487 Schnorr
1300 2454 1341 2487 de
1367 2453 1577 2495 Carolsfehl,
1604 2452 1776 2496 ‘Katazoy
1799 2453 1864 2487 der

377 2502 661 2543 Handschriften
694 2502 758 2535 der
782 2501 929 2544 Ko'niyl.
965 2502 1096 2544 o'ffentl.
1123 2500 1318 2534 Bibliothelc
1351 2511 1398 2533 zu
1423 2499 1598 2534 Dresden’
1626 2500 1673 2533 II
1700 2500 1864 2544 (Leipzig

378 2550 500 2593 1883),
522 2561 559 2593 p.
582 2551 640 2590 21,
665 2559 751 2584 saec.
778 2549 888 2583 XIII.
939 2549 981 2583 B.
1008 2549 1048 2581 de
1073 2548 1223 2590 Simson,
1254 2548 1309 2583 ‘N.
1335 2547 1485 2581 Archiv⁷
1503 2547 1588 2586 XV,
1612 2558 1648 2591 p.
1667 2548 1748 2589 568,
1772 2558 1808 2582 n.
1827 2548 1861 2590 5,

375 2601 463 2630 recte
488 2597 736 2630 animadvertit
761 2597 906 2630 codicem
931 2597 965 2628 A
990 2597 1162 2638 scriptum
1187 2605 1257 2629 esse
1277 2598 1358 2638 post
1382 2595 1415 2628 B
1430 2597 1461 2630 1.
1583 2593 1617 2638 5)
1645 2594 1700 2636 Cf.
1724 2594 1862 2638 Ko'phw,

376 2644 440 2679 SS.
463 2644 531 2686 IX,
553 2655 591 2687 p.
611 2644 656 2678 26
669 2654 718 2686 sq.
760 2643 877 2677 Codex
900 2643 1111 2676 Dresdensis
1135 2643 1167 2684 I,
1192 2644 1248 2678 43.
1275 2646 1306 2675 et
1330 2643 1405 2685 ipse
1429 2652 1463 2677 a.
1488 2642 1590 2678 1832.
1616 2651 1660 2675 ea:
1683 2641 1862 2674 tabulario
1885 2650 1927 2676 ιο
1978 2647 1986 2660 ’
2020 2639 2028 2646 “

375 2693 472 2734 reyio
497 2693 535 2724 in
561 2690 796 2724 bibliothecam
821 2690 1020 2724 translatus
1047 2693 1107 2725 est.
1156 2689 1252 2722 Eum
1286 2693 1389 2732 atque
1421 2692 1583 2723 nostrum
1607 2688 1639 2731 I,
1666 2689 1721 2723 38.
1756 2691 1862 2721 antea

375 2749 487 2771 unum
516 2739 628 2778 fuisse
659 2738 789 2771 librum
813 2747 858 2770 ex
882 2747 921 2770 eo
948 2740 1063 2781 patet,
1098 2737 1190 2780 quod
1214 2737 1246 2778 I,
1272 2738 1329 2772 38.
1360 2737 1533 2770 contineat
1562 2735 1658 2776 fol-ia
1683 2734 1858 2778 I—XXI,

377 2785 408 2828 I,
426 2787 483 2820 43.
511 2789 626 2818 autem
651 2796 673 2818 a
691 2786 776 2827 folio
793 2785 922 2818 XXII.
947 2785 1107 2828 incipiat,
1133 2785 1255 2818 deinde
1271 2784 1364 2827 quod
1379 2783 1410 2826 I,
1429 2784 1486 2818 38.
1511 2784 1551 2815 in
1575 2782 1701 2816 ultima
1720 2783 1862 2825 paqina

376 2832 492 2874 (XXI
494 2832 502 2845 ‘
502 2835 523 2875 )
536 2833 705 2875 praebeat
722 2834 912 2875 reyistrum
925 2832 1114 2875 quoddam,
1128 2833 1185 2864 cui
1200 2831 1428 2865 inscribitur:
1445 2829 1588 2863 cronica
1599 2828 1860 2873 bohemorum;

376 2890 486 2922 quare
519 2881 592 2912 iam
625 2879 785 2912 Schnorr
817 2880 858 2912 de
893 2879 1091 2921 Carolsfeld
1125 2879 1147 2914 l.
1182 2879 1203 2913 l.
1238 2878 1294 2918 II,
1331 2888 1369 2920 p.
1399 2878 1456 2912 21.
1489 2877 1639 2919 royavit,
1673 2886 1764 2909 anne
1797 2876 1862 2910 hos
1883 2884 1924 2911 ω

375 2926 502 2959 codices
528 2927 609 2959 olim
634 2928 831 2960 coniunctos
855 2928 966 2968 fuisse
988 2926 1214 2959 statuendum
1238 2928 1331 2959 esset.
1368 2924 1518 2964 Accedit,
1541 2924 1634 2967 quod
1658 2923 1861 2957 litterarum

375 2973 499 3007 ductus
524 2977 553 3006 et
579 2973 770 3006 initialium
795 2984 883 3017 quae
907 2976 1078 3007 vocantur
1102 2976 1252 3006 ornatus
1267 2971 1397 3005 similis
1412 2970 1554 3005 eandem
1574 2971 1699 3014 prodit
1714 2971 1861 3013 scolam,
