<?xml version="1.0" encoding="UTF-8"?>
<!DOCTYPE html PUBLIC "-//W3C//DTD XHTML 1.0 Transitional//EN"
    "http://www.w3.org/TR/xhtml1/DTD/xhtml1-transitional.dtd">
<html xmlns="http://www.w3.org/1999/xhtml" xml:lang="en" lang="en">
 <head>
  <title>
</title>
<meta http-equiv="Content-Type" content="text/html;charset=utf-8" />
  <meta name='ocr-system' content='tesseract 3.04.00' />
  <meta name='ocr-capabilities' content='ocr_page ocr_carea ocr_par ocr_line ocrx_word'/>
</head>
<body>
  <div class='ocr_page' id='page_1' title='image "./rerumgestarumsax00widuuoft_0048.png"; bbox 0 0 2034 3380; ppageno 0'>
   <div class='ocr_carea' id='block_1_1' title="bbox 347 315 1232 353">
    <p class='ocr_par' dir='ltr' id='par_1_1' title="bbox 347 315 1232 353">
     <span class='ocr_line' id='line_1_1' title="bbox 347 315 1232 353; baseline -0.003 0"><span class='ocrx_word' id='word_1_1' title='bbox 347 319 391 353; x_wconf 91' lang='lat'>10</span> <span class='ocrx_word' id='word_1_2' title='bbox 942 315 1232 351; x_wconf 88' lang='lat' dir='ltr'><strong>WIDUKINDI</strong></span> 
     </span>
    </p>
   </div>
   <div class='ocr_carea' id='block_1_2' title="bbox 345 436 1892 2491">
    <p class='ocr_par' dir='ltr' id='par_1_2' title="bbox 345 436 1892 2491">
     <span class='ocr_line' id='line_1_2' title="bbox 347 436 1828 492; baseline 0.001 -14"><span class='ocrx_word' id='word_1_3' title='bbox 347 437 405 478; x_wconf 85' lang='lat' dir='ltr'>ad</span> <span class='ocrx_word' id='word_1_4' title='bbox 435 439 495 487; x_wconf 90' lang='lat' dir='ltr'>te,</span> <span class='ocrx_word' id='word_1_5' title='bbox 538 439 758 491; x_wconf 86' lang='lat' dir='ltr'>exoptans</span> <span class='ocrx_word' id='word_1_6' title='bbox 798 439 846 478; x_wconf 91' lang='lat' dir='ltr'>te</span> <span class='ocrx_word' id='word_1_7' title='bbox 887 437 1003 478; x_wconf 91' lang='lat' dir='ltr'>bene</span> <span class='ocrx_word' id='word_1_8' title='bbox 1035 436 1185 479; x_wconf 88' lang='lat' dir='ltr'>valere</span> <span class='ocrx_word' id='word_1_9' title='bbox 1229 439 1275 478; x_wconf 88' lang='lat' dir='ltr'>et</span> <span class='ocrx_word' id='word_1_10' title='bbox 1316 437 1411 479; x_wconf 79' lang='lat' dir='ltr'>lato</span> <span class='ocrx_word' id='word_1_11' title='bbox 1453 451 1708 492; x_wconf 82' lang='lat' dir='ltr'>magnoque</span> <span class='ocrx_word' id='word_1_12' title='bbox 1749 439 1828 480; x_wconf 90' lang='lat' dir='ltr'>diu</span> 
     </span>
     <span class='ocr_line' id='line_1_3' title="bbox 345 495 1826 550; baseline 0.001 -14"><span class='ocrx_word' id='word_1_13' title='bbox 345 495 536 550; x_wconf 88' lang='lat' dir='ltr'>imperio</span> <span class='ocrx_word' id='word_1_14' title='bbox 568 495 733 549; x_wconf 85' lang='lat' dir='ltr'>vigere,</span> <span class='ocrx_word' id='word_1_15' title='bbox 772 509 909 549; x_wconf 88' lang='lat' dir='ltr'>seque</span> <span class='ocrx_word' id='word_1_16' title='bbox 950 496 1037 537; x_wconf 91' lang='lat' dir='ltr'>tibi</span> <span class='ocrx_word' id='word_1_17' title='bbox 1076 509 1169 536; x_wconf 88' lang='lat' dir='ltr'>non</span> <span class='ocrx_word' id='word_1_18' title='bbox 1207 496 1454 546; x_wconf 89' lang='lat' dir='ltr'>dominum,</span> <span class='ocrx_word' id='word_1_19' title='bbox 1498 497 1578 538; x_wconf 89' lang='lat' dir='ltr'>sed</span> <span class='ocrx_word' id='word_1_20' title='bbox 1618 497 1826 544; x_wconf 76' lang='lat' dir='ltr'>amicum,</span> 
     </span>
     <span class='ocr_line' id='line_1_4' title="bbox 346 554 1828 610; baseline 0.001 -15"><span class='ocrx_word' id='word_1_21' title='bbox 346 568 438 595; x_wconf 89' lang='lat' dir='ltr'>non</span> <span class='ocrx_word' id='word_1_22' title='bbox 488 554 830 608; x_wconf 71' lang='lat' dir='ltr'>imperatorem,</span> <span class='ocrx_word' id='word_1_23' title='bbox 879 555 959 596; x_wconf 92' lang='lat' dir='ltr'>sed</span> <span class='ocrx_word' id='word_1_24' title='bbox 1005 555 1331 609; x_wconf 89' lang='lat' dir='ltr'>propinquum,</span> <span class='ocrx_word' id='word_1_25' title='bbox 1384 555 1828 610; x_wconf 89' lang='lat' dir='ltr'>propinquitatisque</span> 
     </span>
     <span class='ocr_line' id='line_1_5' title="bbox 345 613 1827 663; baseline 0.001 -9"><span class='ocrx_word' id='word_1_26' title='bbox 345 615 446 655; x_wconf 89' lang='lat' dir='ltr'>iura</span> <span class='ocrx_word' id='word_1_27' title='bbox 476 613 804 655; x_wconf 88' lang='lat' dir='ltr'>inviolabiliter</span> <span class='ocrx_word' id='word_1_28' title='bbox 834 614 922 655; x_wconf 90' lang='lat' dir='ltr'>tibi</span> <span class='ocrx_word' id='word_1_29' title='bbox 953 614 1179 655; x_wconf 87' lang='lat' dir='ltr'>finetenus</span> <span class='ocrx_word' id='word_1_30' title='bbox 1201 614 1318 656; x_wconf 85' lang='lat' dir='ltr'>velle</span> <span class='ocrx_word' id='word_1_31' title='bbox 1350 628 1528 656; x_wconf 84' lang='lat' dir='ltr'>servare</span> <span class='ocrx_word' id='word_1_32' title='bbox 1561 615 1827 663; x_wconf 85' lang='lat' dir='ltr'>demandat;</span> 
     </span>
     <span class='ocr_line' id='line_1_6' title="bbox 345 672 1872 727; baseline 0.001 -14"><span class='ocrx_word' id='word_1_33' title='bbox 345 675 528 714; x_wconf 85' lang='lat' dir='ltr'>tantum</span> <span class='ocrx_word' id='word_1_34' title='bbox 560 674 613 713; x_wconf 88' lang='lat' dir='ltr'>ut</span> <span class='ocrx_word' id='word_1_35' title='bbox 644 686 671 713; x_wconf 86' lang='lat' dir='ltr'>a</span> <span class='ocrx_word' id='word_1_36' title='bbox 696 672 855 727; x_wconf 91' lang='lat' dir='ltr'>populi</span> <span class='ocrx_word' id='word_1_37' title='bbox 876 672 1151 714; x_wconf 79' lang='lat' dir='ltr'><strong>Francorum</strong></span> <span class='ocrx_word' id='word_1_38' title='bbox 1178 673 1420 714; x_wconf 87' lang='lat' dir='ltr'>concordia</span> <span class='ocrx_word' id='word_1_39' title='bbox 1440 687 1533 714; x_wconf 93' lang='lat' dir='ltr'>non</span> <span class='ocrx_word' id='word_1_40' title='bbox 1555 674 1785 715; x_wconf 81' lang='lat' dir='ltr'><strong>discordes</strong></span> <span class='ocrx_word' id='word_1_41' title='bbox 1799 672 1827 722; x_wconf 79' lang='lat'>1,</span> <span class='ocrx_word' id='word_1_42' title='bbox 1853 688 1872 714; x_wconf 84' lang='lat'><strong>5</strong></span> 
     </span>
     <span class='ocr_line' id='line_1_7' title="bbox 345 731 1827 786; baseline 0 -14"><span class='ocrx_word' id='word_1_43' title='bbox 345 733 496 785; x_wconf 85' lang='lat' dir='ltr'>rogat:</span> <span class='ocrx_word' id='word_1_44' title='bbox 519 731 697 786; x_wconf 50' lang='lat' dir='ltr'>ipsum&amp;</span> <span class='ocrx_word' id='word_1_45' title='bbox 718 745 915 785; x_wconf 89' lang='lat' dir='ltr'>namque</span> <span class='ocrx_word' id='word_1_46' title='bbox 937 731 1024 773; x_wconf 92' lang='lat' dir='ltr'>sibi</span> <span class='ocrx_word' id='word_1_47' title='bbox 1044 745 1198 786; x_wconf 87' lang='lat' dir='ltr'>regem</span> <span class='ocrx_word' id='word_1_48' title='bbox 1221 734 1474 785; x_wconf 88' lang='lat' dir='ltr'>sequuntur</span> <span class='ocrx_word' id='word_1_49' title='bbox 1496 731 1827 774; x_wconf 88' lang='lat' dir='ltr'>constitutum&#39;.</span> 
     </span>
     <span class='ocr_line' id='line_1_8' title="bbox 350 786 1829 844; baseline 0 -13"><span class='ocrx_word' id='word_1_50' title='bbox 350 790 419 831; x_wconf 86' lang='lat' dir='ltr'>Ad</span> <span class='ocrx_word' id='word_1_51' title='bbox 452 791 564 832; x_wconf 88' lang='lat' dir='ltr'>haec</span> <span class='ocrx_word' id='word_1_52' title='bbox 587 786 928 839; x_wconf 78' lang='lat' dir='ltr'>Irminfridusb,</span> <span class='ocrx_word' id='word_1_53' title='bbox 962 790 1092 831; x_wconf 84' lang='lat' dir='ltr'>iuxta</span> <span class='ocrx_word' id='word_1_54' title='bbox 1123 791 1245 843; x_wconf 88' lang='lat' dir='ltr'>quod</span> <span class='ocrx_word' id='word_1_55' title='bbox 1276 791 1476 844; x_wconf 81' lang='lat' dir='ltr'>regalem</span> <span class='ocrx_word' id='word_1_56' title='bbox 1508 791 1663 832; x_wconf 89' lang='lat' dir='ltr'>decuit</span> <span class='ocrx_word' id='word_1_57' title='bbox 1686 791 1829 844; x_wconf 86' lang='lat' dir='ltr'>digni-</span> 
     </span>
     <span class='ocr_line' id='line_1_9' title="bbox 346 846 1823 904; baseline 0.001 -15"><span class='ocrx_word' id='word_1_58' title='bbox 346 851 502 898; x_wconf 85' lang='lat' dir='ltr'>tatem,</span> <span class='ocrx_word' id='word_1_59' title='bbox 538 849 786 890; x_wconf 85' lang='lat' dir='ltr'>clementer</span> <span class='ocrx_word' id='word_1_60' title='bbox 816 849 996 903; x_wconf 74' lang='lat' dir='ltr'>legato⁰</span> <span class='ocrx_word' id='word_1_61' title='bbox 1025 849 1262 903; x_wconf 71' lang='lat' dir='ltr'>respondit</span> <span class='ocrx_word' id='word_1_62' title='bbox 1294 849 1465 903; x_wconf 87' lang='lat' dir='ltr'>placita</span> <span class='ocrx_word' id='word_1_63' title='bbox 1497 850 1584 891; x_wconf 88' lang='lat' dir='ltr'>sibi</span> <span class='ocrx_word' id='word_1_64' title='bbox 1615 846 1823 904; x_wconf 77' lang='lat' dir='ltr'>placered</span> 
     </span>
     <span class='ocr_line' id='line_1_10' title="bbox 346 907 1826 962; baseline 0.001 -13"><span class='ocrx_word' id='word_1_65' title='bbox 346 908 505 962; x_wconf 89' lang='lat' dir='ltr'>populi</span> <span class='ocrx_word' id='word_1_66' title='bbox 527 908 817 956; x_wconf 80' lang='lat' dir='ltr'>Francorum,</span> <span class='ocrx_word' id='word_1_67' title='bbox 851 907 933 948; x_wconf 78' lang='lat' dir='ltr'>abe</span> <span class='ocrx_word' id='word_1_68' title='bbox 963 921 1117 948; x_wconf 88' lang='lat' dir='ltr'>eorum</span> <span class='ocrx_word' id='word_1_69' title='bbox 1152 908 1394 948; x_wconf 87' lang='lat' dir='ltr'>concordia</span> <span class='ocrx_word' id='word_1_70' title='bbox 1415 922 1506 950; x_wconf 88' lang='lat' dir='ltr'>non</span> <span class='ocrx_word' id='word_1_71' title='bbox 1529 909 1788 950; x_wconf 81' lang='lat' dir='ltr'>discordare</span> <span class='ocrx_word' id='word_1_72' title='bbox 1799 908 1826 957; x_wconf 76' lang='lat'>1,</span> 
     </span>
     <span class='ocr_line' id='line_1_11' title="bbox 346 962 1892 1022; baseline 0 -14"><span class='ocrx_word' id='word_1_73' title='bbox 346 962 485 1021; x_wconf 83' lang='lat' dir='ltr'>pacef</span> <span class='ocrx_word' id='word_1_74' title='bbox 521 967 793 1007; x_wconf 86' lang='lat' dir='ltr'>omnimodis</span> <span class='ocrx_word' id='word_1_75' title='bbox 824 966 1051 1020; x_wconf 82' lang='lat' dir='ltr'>indigere;</span> <span class='ocrx_word' id='word_1_76' title='bbox 1085 979 1221 1020; x_wconf 88' lang='lat' dir='ltr'>super</span> <span class='ocrx_word' id='word_1_77' title='bbox 1252 967 1436 1020; x_wconf 87' lang='lat' dir='ltr'>negotio</span> <span class='ocrx_word' id='word_1_78' title='bbox 1467 980 1573 1008; x_wconf 88' lang='lat' dir='ltr'>vero</span> <span class='ocrx_word' id='word_1_79' title='bbox 1604 967 1734 1022; x_wconf 87' lang='lat' dir='ltr'>regni</span> <span class='ocrx_word' id='word_1_80' title='bbox 1765 981 1828 1009; x_wconf 90' lang='lat' dir='ltr'>re·</span> <span class='ocrx_word' id='word_1_81' title='bbox 1856 983 1892 1008; x_wconf 80' lang='grc' dir='ltr'>ιο</span> 
     </span>
     <span class='ocr_line' id='line_1_12' title="bbox 347 1025 1828 1079; baseline 0 -13"><span class='ocrx_word' id='word_1_82' title='bbox 347 1025 632 1079; x_wconf 89' lang='lat' dir='ltr'>sponsionem</span> <span class='ocrx_word' id='word_1_83' title='bbox 668 1038 795 1066; x_wconf 89' lang='lat' dir='ltr'>suam</span> <span class='ocrx_word' id='word_1_84' title='bbox 827 1025 875 1065; x_wconf 93' lang='lat' dir='ltr'>in</span> <span class='ocrx_word' id='word_1_85' title='bbox 908 1025 1156 1066; x_wconf 88' lang='lat' dir='ltr'>amicorum</span> <span class='ocrx_word' id='word_1_86' title='bbox 1189 1025 1464 1079; x_wconf 76' lang='lat' dir='ltr'>presentiam</span> <span class='ocrx_word' id='word_1_87' title='bbox 1486 1025 1604 1067; x_wconf 88' lang='lat' dir='ltr'>velle</span> <span class='ocrx_word' id='word_1_88' title='bbox 1631 1025 1828 1067; x_wconf 81' lang='lat' dir='ltr'>differre.</span> 
     </span>
     <span class='ocr_line' id='line_1_13' title="bbox 346 1083 1829 1138; baseline 0.001 -14"><span class='ocrx_word' id='word_1_89' title='bbox 346 1083 595 1138; x_wconf 87' lang='lat' dir='ltr'>Virumque</span> <span class='ocrx_word' id='word_1_90' title='bbox 628 1084 876 1125; x_wconf 87' lang='lat' dir='ltr'>honorifice</span> <span class='ocrx_word' id='word_1_91' title='bbox 907 1085 1112 1125; x_wconf 86' lang='lat' dir='ltr'>tractans</span> <span class='ocrx_word' id='word_1_92' title='bbox 1143 1083 1286 1125; x_wconf 72' lang='lat' dir='ltr'>fecitg</span> <span class='ocrx_word' id='word_1_93' title='bbox 1311 1097 1416 1125; x_wconf 89' lang='lat' dir='ltr'>eum</span> <span class='ocrx_word' id='word_1_94' title='bbox 1438 1097 1592 1126; x_wconf 90' lang='lat' dir='ltr'>secum</span> <span class='ocrx_word' id='word_1_95' title='bbox 1615 1083 1829 1138; x_wconf 82' lang='lat' dir='ltr'>aliquam-</span> 
     </span>
     <span class='ocr_line' id='line_1_14' title="bbox 348 1142 1830 1198; baseline 0.001 -15"><span class='ocrx_word' id='word_1_96' title='bbox 348 1143 425 1183; x_wconf 87' lang='lat' dir='ltr'>diu</span> <span class='ocrx_word' id='word_1_97' title='bbox 447 1156 643 1184; x_wconf 90' lang='lat' dir='ltr'>manere.</span> <span class='ocrx_word' id='word_1_98' title='bbox 690 1143 897 1184; x_wconf 87' lang='lat' dir='ltr'>Audiens</span> <span class='ocrx_word' id='word_1_99' title='bbox 920 1145 1073 1184; x_wconf 89' lang='lat' dir='ltr'>autem</span> <span class='ocrx_word' id='word_1_100' title='bbox 1095 1142 1254 1197; x_wconf 85' lang='lat' dir='ltr'>regina</span> <span class='ocrx_word' id='word_1_101' title='bbox 1275 1142 1480 1197; x_wconf 86' lang='lat' dir='ltr'>legatum</span> <span class='ocrx_word' id='word_1_102' title='bbox 1500 1143 1658 1184; x_wconf 78' lang='lat' dir='ltr'>fratris</span> <span class='ocrx_word' id='word_1_103' title='bbox 1680 1156 1830 1198; x_wconf 89' lang='lat' dir='ltr'>super-</span> 
     </span>
     <span class='ocr_line' id='line_1_15' title="bbox 349 1201 1829 1256; baseline 0 -14"><span class='ocrx_word' id='word_1_104' title='bbox 349 1202 522 1243; x_wconf 88' lang='lat' dir='ltr'>venisse</span> <span class='ocrx_word' id='word_1_105' title='bbox 556 1204 602 1243; x_wconf 91' lang='lat' dir='ltr'>et</span> <span class='ocrx_word' id='word_1_106' title='bbox 634 1201 836 1243; x_wconf 89' lang='lat' dir='ltr'>locutum</span> <span class='ocrx_word' id='word_1_107' title='bbox 872 1215 975 1242; x_wconf 89' lang='lat' dir='ltr'>cum</span> <span class='ocrx_word' id='word_1_108' title='bbox 1007 1215 1114 1256; x_wconf 87' lang='lat' dir='ltr'>rege</span> <span class='ocrx_word' id='word_1_109' title='bbox 1147 1215 1283 1256; x_wconf 88' lang='lat' dir='ltr'>super</span> <span class='ocrx_word' id='word_1_110' title='bbox 1313 1202 1498 1256; x_wconf 86' lang='lat' dir='ltr'>negotio</span> <span class='ocrx_word' id='word_1_111' title='bbox 1520 1202 1662 1256; x_wconf 82' lang='lat' dir='ltr'>regni,</span> <span class='ocrx_word' id='word_1_112' title='bbox 1686 1201 1829 1243; x_wconf 82' lang='lat' dir='ltr'>suasit</span> 
     </span>
     <span class='ocr_line' id='line_1_16' title="bbox 347 1255 1891 1315; baseline -0.001 -14"><span class='ocrx_word' id='word_1_113' title='bbox 347 1255 548 1315; x_wconf 77' lang='lat' dir='ltr'>Iring0h‚</span> <span class='ocrx_word' id='word_1_114' title='bbox 582 1262 636 1301; x_wconf 93' lang='lat' dir='ltr'>ut</span> <span class='ocrx_word' id='word_1_115' title='bbox 667 1260 840 1315; x_wconf 91' lang='lat' dir='ltr'>pariter</span> <span class='ocrx_word' id='word_1_116' title='bbox 871 1261 1198 1314; x_wconf 81' lang='lat' dir='ltr'>persuaderent</span> <span class='ocrx_word' id='word_1_117' title='bbox 1229 1260 1338 1310; x_wconf 84' lang='lat' dir='ltr'>viro,</span> <span class='ocrx_word' id='word_1_118' title='bbox 1381 1260 1488 1314; x_wconf 89' lang='lat' dir='ltr'>quia</span> <span class='ocrx_word' id='word_1_119' title='bbox 1519 1261 1607 1302; x_wconf 87' lang='lat' dir='ltr'>sibi</span> <span class='ocrx_word' id='word_1_120' title='bbox 1636 1273 1827 1314; x_wconf 88' lang='lat' dir='ltr'>regnum</span> <span class='ocrx_word' id='word_1_121' title='bbox 1855 1274 1891 1300; x_wconf 72' lang='grc' dir='ltr'>ιε»</span> 
     </span>
     <span class='ocr_line' id='line_1_17' title="bbox 347 1319 1829 1374; baseline 0 -14"><span class='ocrx_word' id='word_1_122' title='bbox 347 1320 554 1361; x_wconf 87' lang='lat' dir='ltr'>cessisset</span> <span class='ocrx_word' id='word_1_123' title='bbox 584 1319 682 1361; x_wconf 88' lang='lat' dir='ltr'>iure</span> <span class='ocrx_word' id='word_1_124' title='bbox 714 1319 1005 1370; x_wconf 86' lang='lat' dir='ltr'>hereditario,</span> <span class='ocrx_word' id='word_1_125' title='bbox 1037 1321 1200 1374; x_wconf 87' lang='lat' dir='ltr'>utpote</span> <span class='ocrx_word' id='word_1_126' title='bbox 1231 1333 1347 1373; x_wconf 89' lang='lat' dir='ltr'>quae</span> <span class='ocrx_word' id='word_1_127' title='bbox 1378 1319 1474 1361; x_wconf 89' lang='lat' dir='ltr'>filia</span> <span class='ocrx_word' id='word_1_128' title='bbox 1504 1319 1623 1374; x_wconf 86' lang='lat' dir='ltr'>regis</span> <span class='ocrx_word' id='word_1_129' title='bbox 1655 1320 1754 1361; x_wconf 88' lang='lat' dir='ltr'>erat</span> <span class='ocrx_word' id='word_1_130' title='bbox 1782 1321 1829 1361; x_wconf 88' lang='lat' dir='ltr'>et</span> 
     </span>
     <span class='ocr_line' id='line_1_18' title="bbox 347 1373 1829 1432; baseline 0 -13"><span class='ocrx_word' id='word_1_131' title='bbox 347 1379 442 1419; x_wconf 92' lang='lat' dir='ltr'>filia</span> <span class='ocrx_word' id='word_1_132' title='bbox 471 1379 677 1432; x_wconf 86' lang='lat' dir='ltr'>reginae;</span> <span class='ocrx_word' id='word_1_133' title='bbox 712 1378 1004 1420; x_wconf 86' lang='lat' dir='ltr'>Thiadricum</span> <span class='ocrx_word' id='word_1_134' title='bbox 1037 1392 1145 1420; x_wconf 87' lang='lat' dir='ltr'>vero</span> <span class='ocrx_word' id='word_1_135' title='bbox 1178 1373 1333 1419; x_wconf 88' lang='lat' dir='ltr'>suumi</span> <span class='ocrx_word' id='word_1_136' title='bbox 1375 1392 1551 1420; x_wconf 87' lang='lat' dir='ltr'>servum</span> <span class='ocrx_word' id='word_1_137' title='bbox 1594 1380 1829 1432; x_wconf 85' lang='lat' dir='ltr'>tamquam</span> 
     </span>
     <span class='ocr_line' id='line_1_19' title="bbox 347 1436 1828 1491; baseline -0.001 -12"><span class='ocrx_word' id='word_1_138' title='bbox 347 1451 400 1480; x_wconf 87' lang='lat' dir='ltr'>ex</span> <span class='ocrx_word' id='word_1_139' title='bbox 433 1437 687 1479; x_wconf 88' lang='lat' dir='ltr'>concubina</span> <span class='ocrx_word' id='word_1_140' title='bbox 718 1438 891 1487; x_wconf 88' lang='lat' dir='ltr'>natum,</span> <span class='ocrx_word' id='word_1_141' title='bbox 926 1439 972 1479; x_wconf 91' lang='lat' dir='ltr'>et</span> <span class='ocrx_word' id='word_1_142' title='bbox 1003 1437 1106 1479; x_wconf 89' lang='lat' dir='ltr'>ideo</span> <span class='ocrx_word' id='word_1_143' title='bbox 1138 1437 1354 1479; x_wconf 87' lang='lat' dir='ltr'>indecens</span> <span class='ocrx_word' id='word_1_144' title='bbox 1375 1437 1474 1479; x_wconf 85' lang='lat' dir='ltr'>fore</span> <span class='ocrx_word' id='word_1_145' title='bbox 1496 1436 1679 1491; x_wconf 90' lang='lat' dir='ltr'>proprio</span> <span class='ocrx_word' id='word_1_146' title='bbox 1701 1450 1828 1490; x_wconf 83' lang='lat' dir='ltr'>servo</span> 
     </span>
     <span class='ocr_line' id='line_1_20' title="bbox 347 1492 1827 1551; baseline -0.001 -14"><span class='ocrx_word' id='word_1_147' title='bbox 347 1510 561 1551; x_wconf 89' lang='lat' dir='ltr'>umquam</span> <span class='ocrx_word' id='word_1_148' title='bbox 594 1510 754 1537; x_wconf 88' lang='lat' dir='ltr'>manus</span> <span class='ocrx_word' id='word_1_149' title='bbox 788 1492 981 1538; x_wconf 76' lang='lat' dir='ltr'>darek·2.</span> <span class='ocrx_word' id='word_1_150' title='bbox 1044 1496 1157 1537; x_wconf 83' lang='lat' dir='ltr'>Erat</span> <span class='ocrx_word' id='word_1_151' title='bbox 1188 1498 1341 1537; x_wconf 88' lang='lat' dir='ltr'>autem</span> <span class='ocrx_word' id='word_1_152' title='bbox 1374 1492 1526 1550; x_wconf 87' lang='lat' dir='ltr'>Iring¹</span> <span class='ocrx_word' id='word_1_153' title='bbox 1567 1495 1636 1537; x_wconf 86' lang='lat' dir='ltr'>vir</span> <span class='ocrx_word' id='word_1_154' title='bbox 1666 1495 1827 1546; x_wconf 87' lang='lat' dir='ltr'>audax,</span> 
     </span>
     <span class='ocr_line' id='line_1_21' title="bbox 346 1553 1890 1610; baseline -0.001 -14"><span class='ocrx_word' id='word_1_155' title='bbox 346 1555 480 1597; x_wconf 78' lang='lat' dir='ltr'>fortis</span> <span class='ocrx_word' id='word_1_156' title='bbox 514 1569 651 1596; x_wconf 90' lang='lat' dir='ltr'>manu</span> <span class='ocrx_word' id='word_1_157' title='bbox 665 1555 692 1605; x_wconf 80' lang='lat'>3,</span> <span class='ocrx_word' id='word_1_158' title='bbox 727 1569 831 1597; x_wconf 89' lang='lat' dir='ltr'>acer</span> <span class='ocrx_word' id='word_1_159' title='bbox 860 1555 1046 1610; x_wconf 86' lang='lat' dir='ltr'>ingenio</span> <span class='ocrx_word' id='word_1_160' title='bbox 1059 1555 1087 1604; x_wconf 82' lang='lat'>4,</span> <span class='ocrx_word' id='word_1_161' title='bbox 1121 1557 1283 1596; x_wconf 87' lang='lat' dir='ltr'>acutus</span> <span class='ocrx_word' id='word_1_162' title='bbox 1316 1555 1519 1605; x_wconf 68' lang='lat' dir='ltr'>consilio,</span> <span class='ocrx_word' id='word_1_163' title='bbox 1549 1554 1760 1609; x_wconf 83' lang='lat' dir='ltr'>pertinax</span> <span class='ocrx_word' id='word_1_164' title='bbox 1780 1553 1829 1595; x_wconf 91' lang='lat' dir='ltr'>in</span> <span class='ocrx_word' id='word_1_165' title='bbox 1853 1569 1890 1595; x_wconf 56' lang='grc' dir='ltr'>πο</span> 
     </span>
     <span class='ocr_line' id='line_1_22' title="bbox 347 1613 1828 1668; baseline -0.001 -13"><span class='ocrx_word' id='word_1_166' title='bbox 347 1615 535 1668; x_wconf 84' lang='lat' dir='ltr'>agendis</span> <span class='ocrx_word' id='word_1_167' title='bbox 566 1614 714 1664; x_wconf 86' lang='lat' dir='ltr'>rebus,</span> <span class='ocrx_word' id='word_1_168' title='bbox 747 1614 898 1655; x_wconf 81' lang='lat' dir='ltr'>facilis</span> <span class='ocrx_word' id='word_1_169' title='bbox 930 1615 988 1655; x_wconf 86' lang='lat' dir='ltr'>ad</span> <span class='ocrx_word' id='word_1_170' title='bbox 1019 1614 1303 1655; x_wconf 85' lang='lat' dir='ltr'>suadendum</span> <span class='ocrx_word' id='word_1_171' title='bbox 1335 1627 1451 1668; x_wconf 92' lang='lat' dir='ltr'>quae</span> <span class='ocrx_word' id='word_1_172' title='bbox 1482 1613 1635 1663; x_wconf 73' lang='lat' dir='ltr'>vellet,</span> <span class='ocrx_word' id='word_1_173' title='bbox 1668 1613 1828 1667; x_wconf 87' lang='lat' dir='ltr'>hisque</span> 
     </span>
     <span class='ocr_line' id='line_1_23' title="bbox 346 1668 1828 1715; baseline 0 -2"><span class='ocrx_word' id='word_1_174' title='bbox 346 1673 483 1715; x_wconf 88' lang='lat' dir='ltr'>rebus</span> <span class='ocrx_word' id='word_1_175' title='bbox 516 1674 717 1714; x_wconf 90' lang='lat' dir='ltr'>animum</span> <span class='ocrx_word' id='word_1_176' title='bbox 750 1673 837 1714; x_wconf 86' lang='lat' dir='ltr'>sibi</span> <span class='ocrx_word' id='word_1_177' title='bbox 869 1668 1154 1714; x_wconf 83' lang='lat' dir='ltr'>Irminfridib</span> <span class='ocrx_word' id='word_1_178' title='bbox 1182 1674 1502 1714; x_wconf 75' lang='lat' dir='ltr'>connexeratm.</span> <span class='ocrx_word' id='word_1_179' title='bbox 1557 1671 1828 1714; x_wconf 82' lang='lat' dir='ltr'>Convocatis</span> 
     </span>
     <span class='ocr_line' id='line_1_24' title="bbox 349 1730 1830 1786; baseline 0 -14"><span class='ocrx_word' id='word_1_180' title='bbox 349 1732 657 1786; x_wconf 85' lang='lat' dir='ltr'>principibusn</span> <span class='ocrx_word' id='word_1_181' title='bbox 715 1734 761 1773; x_wconf 90' lang='lat' dir='ltr'>et</span> <span class='ocrx_word' id='word_1_182' title='bbox 821 1732 1087 1774; x_wconf 84' lang='lat' dir='ltr'>necessariis</span> <span class='ocrx_word' id='word_1_183' title='bbox 1139 1732 1296 1773; x_wconf 86' lang='lat' dir='ltr'>amicis</span> <span class='ocrx_word' id='word_1_184' title='bbox 1346 1731 1641 1772; x_wconf 82' lang='lat' dir='ltr'>Irminfridus</span> <span class='ocrx_word' id='word_1_185' title='bbox 1691 1730 1830 1773; x_wconf 88' lang='lat' dir='ltr'>verba</span> 
     </span>
     <span class='ocr_line' id='line_1_25' title="bbox 348 1789 1830 1845; baseline -0.001 -14"><span class='ocrx_word' id='word_1_186' title='bbox 348 1791 491 1845; x_wconf 88' lang='lat' dir='ltr'>legati</span> <span class='ocrx_word' id='word_1_187' title='bbox 521 1791 570 1831; x_wconf 92' lang='lat' dir='ltr'>in</span> <span class='ocrx_word' id='word_1_188' title='bbox 601 1791 876 1845; x_wconf 86' lang='lat' dir='ltr'>presentiam</span> <span class='ocrx_word' id='word_1_189' title='bbox 910 1804 1063 1832; x_wconf 91' lang='lat' dir='ltr'>eorum</span> <span class='ocrx_word' id='word_1_190' title='bbox 1098 1790 1309 1832; x_wconf 84' lang='lat' dir='ltr'>contulit.</span> <span class='ocrx_word' id='word_1_191' title='bbox 1360 1791 1424 1831; x_wconf 92' lang='lat' dir='ltr'>At</span> <span class='ocrx_word' id='word_1_192' title='bbox 1454 1790 1525 1831; x_wconf 87' lang='lat' dir='ltr'>illi</span> <span class='ocrx_word' id='word_1_193' title='bbox 1550 1789 1830 1831; x_wconf 88' lang='lat' dir='ltr'>unanimiter</span> 
     </span>
     <span class='ocr_line' id='line_1_26' title="bbox 348 1849 1890 1904; baseline -0.002 -14"><span class='ocrx_word' id='word_1_194' title='bbox 348 1850 603 1891; x_wconf 88' lang='lat' dir='ltr'>suadebant</span> <span class='ocrx_word' id='word_1_195' title='bbox 664 1863 780 1903; x_wconf 90' lang='lat' dir='ltr'>quae</span> <span class='ocrx_word' id='word_1_196' title='bbox 830 1850 955 1904; x_wconf 88' lang='lat' dir='ltr'>pacis</span> <span class='ocrx_word' id='word_1_197' title='bbox 1016 1851 1180 1903; x_wconf 88' lang='lat' dir='ltr'>atque⁰</span> <span class='ocrx_word' id='word_1_198' title='bbox 1238 1849 1505 1891; x_wconf 87' lang='lat' dir='ltr'>concordiae</span> <span class='ocrx_word' id='word_1_199' title='bbox 1566 1850 1674 1889; x_wconf 88' lang='lat' dir='ltr'>sunt</span> <span class='ocrx_word' id='word_1_200' title='bbox 1725 1861 1828 1890; x_wconf 89' lang='lat' dir='ltr'>eum</span> <span class='ocrx_word' id='word_1_201' title='bbox 1853 1861 1890 1887; x_wconf 78' lang='lat'>25</span> 
     </span>
     <span class='ocr_line' id='line_1_27' title="bbox 347 1908 1827 1963; baseline -0.001 -13"><span class='ocrx_word' id='word_1_202' title='bbox 347 1909 562 1958; x_wconf 66' lang='lat' dir='ltr'>sentirev,</span> <span class='ocrx_word' id='word_1_203' title='bbox 626 1909 732 1962; x_wconf 85' lang='lat' dir='ltr'>quia</span> <span class='ocrx_word' id='word_1_204' title='bbox 783 1909 967 1963; x_wconf 88' lang='lat' dir='ltr'>inpetus</span> <span class='ocrx_word' id='word_1_205' title='bbox 1019 1908 1293 1950; x_wconf 84' lang='lat' dir='ltr'>Francorum</span> <span class='ocrx_word' id='word_1_206' title='bbox 1346 1908 1467 1950; x_wconf 85' lang='lat' dir='ltr'>ferre</span> <span class='ocrx_word' id='word_1_207' title='bbox 1518 1921 1612 1949; x_wconf 89' lang='lat' dir='ltr'>non</span> <span class='ocrx_word' id='word_1_208' title='bbox 1662 1910 1827 1962; x_wconf 84' lang='lat' dir='ltr'>posset,</span> 
     </span>
     <span class='ocr_line' id='line_1_28' title="bbox 347 1966 1829 2021; baseline -0.001 -13"><span class='ocrx_word' id='word_1_209' title='bbox 347 1967 541 2009; x_wconf 87' lang='lat' dir='ltr'>maxime</span> <span class='ocrx_word' id='word_1_210' title='bbox 573 1968 651 2021; x_wconf 86' lang='lat' dir='ltr'>qui</span> <span class='ocrx_word' id='word_1_211' title='bbox 684 1967 932 2009; x_wconf 86' lang='lat' dir='ltr'>acrioribus</span> <span class='ocrx_word' id='word_1_212' title='bbox 964 1967 1164 2008; x_wconf 86' lang='lat' dir='ltr'>hostium</span> <span class='ocrx_word' id='word_1_213' title='bbox 1198 1967 1334 2008; x_wconf 90' lang='lat' dir='ltr'>armis</span> <span class='ocrx_word' id='word_1_214' title='bbox 1367 1981 1421 2009; x_wconf 85' lang='lat' dir='ltr'>ex</span> <span class='ocrx_word' id='word_1_215' title='bbox 1452 1966 1543 2007; x_wconf 87' lang='lat' dir='ltr'>alia</span> <span class='ocrx_word' id='word_1_216' title='bbox 1574 1968 1703 2021; x_wconf 87' lang='lat' dir='ltr'>parte</span> <span class='ocrx_word' id='word_1_217' title='bbox 1735 1979 1829 2021; x_wconf 79' lang='lat' dir='ltr'>pre-</span> 
     </span>
     <span class='ocr_line' id='line_1_29' title="bbox 348 2022 1827 2080; baseline -0.001 -13"><span class='ocrx_word' id='word_1_218' title='bbox 348 2028 559 2068; x_wconf 88' lang='lat' dir='ltr'>meretur.</span> <span class='ocrx_word' id='word_1_219' title='bbox 612 2022 767 2080; x_wconf 86' lang='lat' dir='ltr'>Iringb</span> <span class='ocrx_word' id='word_1_220' title='bbox 794 2039 900 2068; x_wconf 88' lang='lat' dir='ltr'>vero</span> <span class='ocrx_word' id='word_1_221' title='bbox 930 2026 1049 2067; x_wconf 87' lang='lat' dir='ltr'>votis</span> <span class='ocrx_word' id='word_1_222' title='bbox 1080 2026 1276 2068; x_wconf 85' lang='lat' dir='ltr'>lascivae</span> <span class='ocrx_word' id='word_1_223' title='bbox 1305 2025 1507 2067; x_wconf 88' lang='lat' dir='ltr'>mulieris</span> <span class='ocrx_word' id='word_1_224' title='bbox 1529 2024 1827 2075; x_wconf 83' lang='lat' dir='ltr'>satisfaciens,</span> 
     </span>
     <span class='ocr_line' id='line_1_30' title="bbox 348 2081 1831 2138; baseline -0.001 -12"><span class='ocrx_word' id='word_1_225' title='bbox 348 2085 490 2126; x_wconf 86' lang='lat' dir='ltr'>suasit</span> <span class='ocrx_word' id='word_1_226' title='bbox 536 2081 832 2126; x_wconf 75' lang='lat' dir='ltr'>Irminfridob</span> <span class='ocrx_word' id='word_1_227' title='bbox 878 2085 1066 2127; x_wconf 83' lang='lat' dir='ltr'>Francis</span> <span class='ocrx_word' id='word_1_228' title='bbox 1118 2085 1277 2127; x_wconf 90' lang='lat' dir='ltr'>cedere</span> <span class='ocrx_word' id='word_1_229' title='bbox 1324 2098 1415 2126; x_wconf 87' lang='lat' dir='ltr'>non</span> <span class='ocrx_word' id='word_1_230' title='bbox 1462 2084 1648 2134; x_wconf 88' lang='lat' dir='ltr'>debere,</span> <span class='ocrx_word' id='word_1_231' title='bbox 1696 2097 1831 2138; x_wconf 89' lang='lat' dir='ltr'>super</span> 
     </span>
     <span class='ocr_line' id='line_1_31' title="bbox 347 2143 1892 2199; baseline -0.003 -14"><span class='ocrx_word' id='word_1_232' title='bbox 347 2144 533 2199; x_wconf 87' lang='lat' dir='ltr'>negotio</span> <span class='ocrx_word' id='word_1_233' title='bbox 565 2145 695 2199; x_wconf 89' lang='lat' dir='ltr'>regni</span> <span class='ocrx_word' id='word_1_234' title='bbox 715 2145 952 2186; x_wconf 89' lang='lat' dir='ltr'>iustiorem</span> <span class='ocrx_word' id='word_1_235' title='bbox 975 2157 1158 2186; x_wconf 90' lang='lat' dir='ltr'>causam</span> <span class='ocrx_word' id='word_1_236' title='bbox 1180 2157 1227 2186; x_wconf 89' lang='lat' dir='ltr'>se</span> <span class='ocrx_word' id='word_1_237' title='bbox 1251 2143 1430 2193; x_wconf 85' lang='lat' dir='ltr'>habere,</span> <span class='ocrx_word' id='word_1_238' title='bbox 1455 2143 1600 2184; x_wconf 89' lang='lat' dir='ltr'>latum</span> <span class='ocrx_word' id='word_1_239' title='bbox 1622 2144 1830 2197; x_wconf 82' lang='lat' dir='ltr'>preterea</span> <span class='ocrx_word' id='word_1_240' title='bbox 1855 2155 1892 2181; x_wconf 72' lang='lat' dir='ltr'>ao</span> 
     </span>
     <span class='ocr_line' id='line_1_32' title="bbox 347 2200 1829 2258; baseline -0.001 -15"><span class='ocrx_word' id='word_1_241' title='bbox 347 2203 610 2258; x_wconf 86' lang='lat' dir='ltr'>imperium,</span> <span class='ocrx_word' id='word_1_242' title='bbox 664 2203 892 2244; x_wconf 87' lang='lat' dir='ltr'>militumq</span> <span class='ocrx_word' id='word_1_243' title='bbox 937 2216 1097 2244; x_wconf 90' lang='lat' dir='ltr'>manus</span> <span class='ocrx_word' id='word_1_244' title='bbox 1144 2204 1191 2244; x_wconf 92' lang='lat' dir='ltr'>et</span> <span class='ocrx_word' id='word_1_245' title='bbox 1237 2216 1363 2243; x_wconf 87' lang='lat' dir='ltr'>arma</span> <span class='ocrx_word' id='word_1_246' title='bbox 1408 2204 1672 2255; x_wconf 87' lang='lat' dir='ltr'>ceterasque</span> <span class='ocrx_word' id='word_1_247' title='bbox 1717 2200 1829 2242; x_wconf 87' lang='lat' dir='ltr'>belli</span> 
     </span>
     <span class='ocr_line' id='line_1_33' title="bbox 349 2259 1829 2316; baseline -0.001 -14"><span class='ocrx_word' id='word_1_248' title='bbox 349 2262 500 2316; x_wconf 88' lang='lat' dir='ltr'>copias</span> <span class='ocrx_word' id='word_1_249' title='bbox 532 2262 620 2303; x_wconf 87' lang='lat' dir='ltr'>sibi</span> <span class='ocrx_word' id='word_1_250' title='bbox 651 2275 703 2303; x_wconf 90' lang='lat' dir='ltr'>ac</span> <span class='ocrx_word' id='word_1_251' title='bbox 734 2262 977 2303; x_wconf 84' lang='lat' dir='ltr'>&#39;I&#39;hiadrico</span> <span class='ocrx_word' id='word_1_252' title='bbox 1009 2275 1170 2315; x_wconf 87' lang='lat' dir='ltr'>parum</span> <span class='ocrx_word' id='word_1_253' title='bbox 1211 2261 1454 2316; x_wconf 91' lang='lat' dir='ltr'>procedere</span> <span class='ocrx_word' id='word_1_254' title='bbox 1469 2259 1496 2300; x_wconf 80' lang='lat'>5.</span> <span class='ocrx_word' id='word_1_255' title='bbox 1569 2259 1829 2310; x_wconf 82' lang='lat' dir='ltr'>Secundum</span> 
     </span>
     <span class='ocr_line' id='line_1_34' title="bbox 347 2315 1829 2374; baseline -0.001 -13"><span class='ocrx_word' id='word_1_256' title='bbox 347 2321 459 2361; x_wconf 84' lang='lat' dir='ltr'>haec</span> <span class='ocrx_word' id='word_1_257' title='bbox 512 2320 652 2361; x_wconf 87' lang='lat' dir='ltr'>verba</span> <span class='ocrx_word' id='word_1_258' title='bbox 701 2315 1024 2361; x_wconf 85' lang='lat' dir='ltr'>Irminfridusb</span> <span class='ocrx_word' id='word_1_259' title='bbox 1080 2319 1317 2374; x_wconf 89' lang='lat' dir='ltr'>respondit</span> <span class='ocrx_word' id='word_1_260' title='bbox 1374 2319 1528 2374; x_wconf 85' lang='lat' dir='ltr'>legato</span> <span class='ocrx_word' id='word_1_261' title='bbox 1580 2318 1829 2360; x_wconf 83' lang='lat' dir='ltr'>amicitiam</span> 
     </span>
     <span class='ocr_line' id='line_1_35' title="bbox 347 2378 1827 2433; baseline -0.001 -14"><span class='ocrx_word' id='word_1_262' title='bbox 347 2379 531 2433; x_wconf 89' lang='lat' dir='ltr'>quidem</span> <span class='ocrx_word' id='word_1_263' title='bbox 571 2379 641 2419; x_wconf 88' lang='lat' dir='ltr'>sui</span> <span class='ocrx_word' id='word_1_264' title='bbox 681 2380 754 2420; x_wconf 74' lang='lat' dir='ltr'>etr</span> <span class='ocrx_word' id='word_1_265' title='bbox 791 2379 1180 2433; x_wconf 88' lang='lat' dir='ltr'>propinquitatem</span> <span class='ocrx_word' id='word_1_266' title='bbox 1221 2378 1464 2419; x_wconf 81' lang='lat' dir='ltr'>Thiadrico</span> <span class='ocrx_word' id='word_1_267' title='bbox 1511 2391 1603 2419; x_wconf 88' lang='lat' dir='ltr'>non</span> <span class='ocrx_word' id='word_1_268' title='bbox 1646 2390 1827 2432; x_wconf 82' lang='lat' dir='ltr'>negare,</span> 
     </span>
     <span class='ocr_line' id='line_1_36' title="bbox 348 2436 1890 2491; baseline -0.002 -13"><span class='ocrx_word' id='word_1_269' title='bbox 348 2438 503 2478; x_wconf 90' lang='lat' dir='ltr'>mirari</span> <span class='ocrx_word' id='word_1_270' title='bbox 533 2439 714 2479; x_wconf 73' lang='lat' dir='ltr'>tamenS</span> <span class='ocrx_word' id='word_1_271' title='bbox 743 2451 836 2479; x_wconf 89' lang='lat' dir='ltr'>non</span> <span class='ocrx_word' id='word_1_272' title='bbox 867 2450 1010 2491; x_wconf 88' lang='lat' dir='ltr'>posse,</span> <span class='ocrx_word' id='word_1_273' title='bbox 1043 2437 1269 2491; x_wconf 89' lang='lat' dir='ltr'>quomodo</span> <span class='ocrx_word' id='word_1_274' title='bbox 1300 2450 1520 2491; x_wconf 86' lang='lat' dir='ltr'>usurpare</span> <span class='ocrx_word' id='word_1_275' title='bbox 1543 2436 1683 2478; x_wconf 90' lang='lat' dir='ltr'>vellet</span> <span class='ocrx_word' id='word_1_276' title='bbox 1703 2436 1830 2491; x_wconf 87' lang='lat' dir='ltr'>prius</span> <span class='ocrx_word' id='word_1_277' title='bbox 1855 2448 1890 2475; x_wconf 74' lang='lat'>35</span> 
     </span>
    </p>
   </div>
   <div class='ocr_carea' id='block_1_3' title="bbox 347 2550 1892 2762">
    <p class='ocr_par' dir='ltr' id='par_1_3' title="bbox 347 2550 1892 2762">
     <span class='ocr_line' id='line_1_37' title="bbox 347 2550 1831 2584; baseline -0.002 -6"><span class='ocrx_word' id='word_1_278' title='bbox 347 2554 376 2578; x_wconf 74' lang='lat' dir='ltr'>a)</span> <span class='ocrx_word' id='word_1_279' title='bbox 405 2552 500 2584; x_wconf 82' lang='lat' dir='ltr'>ipsum</span> <span class='ocrx_word' id='word_1_280' title='bbox 526 2566 559 2570; x_wconf 93' lang='lat'>—</span> <span class='ocrx_word' id='word_1_281' title='bbox 585 2552 775 2577; x_wconf 81' lang='lat' dir='ltr'>coustitutum</span> <span class='ocrx_word' id='word_1_282' title='bbox 803 2560 857 2579; x_wconf 89' lang='lat' dir='ltr'>om.</span> <span class='ocrx_word' id='word_1_283' title='bbox 885 2552 914 2580; x_wconf 86' lang='lat' dir='ltr'>C.</span> <span class='ocrx_word' id='word_1_284' title='bbox 1005 2552 1035 2582; x_wconf 90' lang='lat' dir='ltr'>b)</span> <span class='ocrx_word' id='word_1_285' title='bbox 1062 2551 1103 2576; x_wconf 73' lang='lat' dir='ltr'>sic</span> <span class='ocrx_word' id='word_1_286' title='bbox 1130 2551 1182 2577; x_wconf 79' lang='lat' dir='ltr'>hoc</span> <span class='ocrx_word' id='word_1_287' title='bbox 1208 2552 1270 2576; x_wconf 80' lang='lat' dir='ltr'>loco</span> <span class='ocrx_word' id='word_1_288' title='bbox 1298 2552 1383 2577; x_wconf 75' lang='lat' dir='ltr'>etiam</span> <span class='ocrx_word' id='word_1_289' title='bbox 1413 2551 1442 2579; x_wconf 80' lang='lat' dir='ltr'>C.</span> <span class='ocrx_word' id='word_1_290' title='bbox 1531 2553 1558 2582; x_wconf 80' lang='lat' dir='ltr'>c)</span> <span class='ocrx_word' id='word_1_291' title='bbox 1586 2558 1663 2583; x_wconf 84' lang='lat' dir='ltr'>resp.</span> <span class='ocrx_word' id='word_1_292' title='bbox 1686 2550 1744 2582; x_wconf 77' lang='lat' dir='ltr'>leg.</span> <span class='ocrx_word' id='word_1_293' title='bbox 1767 2550 1831 2578; x_wconf 76' lang='lat' dir='ltr'>Bi.</span> 
     </span>
     <span class='ocr_line' id='line_1_38' title="bbox 349 2585 1831 2619; baseline -0.001 -7"><span class='ocrx_word' id='word_1_294' title='bbox 349 2589 378 2619; x_wconf 85' lang='lat' dir='ltr'>d)</span> <span class='ocrx_word' id='word_1_295' title='bbox 403 2588 495 2613; x_wconf 80' lang='lat' dir='ltr'>franc.</span> <span class='ocrx_word' id='word_1_296' title='bbox 515 2595 582 2619; x_wconf 86' lang='lat' dir='ltr'>pop.</span> <span class='ocrx_word' id='word_1_297' title='bbox 601 2588 718 2619; x_wconf 78' lang='lat' dir='ltr'>placere</span> <span class='ocrx_word' id='word_1_298' title='bbox 737 2588 800 2616; x_wconf 78' lang='lat' dir='ltr'>Bl.</span> <span class='ocrx_word' id='word_1_299' title='bbox 880 2589 908 2618; x_wconf 87' lang='lat' dir='ltr'>e)</span> <span class='ocrx_word' id='word_1_300' title='bbox 932 2586 971 2612; x_wconf 81' lang='lat' dir='ltr'>ad</span> <span class='ocrx_word' id='word_1_301' title='bbox 996 2588 1027 2615; x_wconf 82' lang='grc' dir='ltr'>Ο,</span> <span class='ocrx_word' id='word_1_302' title='bbox 1104 2588 1131 2618; x_wconf 85' lang='lat' dir='ltr'>f)</span> <span class='ocrx_word' id='word_1_303' title='bbox 1155 2594 1257 2619; x_wconf 81' lang='lat' dir='ltr'>pacem</span> <span class='ocrx_word' id='word_1_304' title='bbox 1277 2588 1307 2614; x_wconf 81' lang='lat'>0.</span> <span class='ocrx_word' id='word_1_305' title='bbox 1384 2587 1415 2619; x_wconf 73' lang='lat' dir='ltr'>g)</span> <span class='ocrx_word' id='word_1_306' title='bbox 1442 2586 1515 2612; x_wconf 75' lang='lat' dir='ltr'>facit</span> <span class='ocrx_word' id='word_1_307' title='bbox 1532 2587 1570 2614; x_wconf 78' lang='grc' dir='ltr'>Δ.</span> <span class='ocrx_word' id='word_1_308' title='bbox 1649 2585 1681 2618; x_wconf 84' lang='lat' dir='ltr'>h)</span> <span class='ocrx_word' id='word_1_309' title='bbox 1705 2585 1831 2617; x_wconf 77' lang='lat' dir='ltr'>Hiringo</span> 
     </span>
     <span class='ocr_line' id='line_1_39' title="bbox 348 2620 1830 2655; baseline -0.001 -8"><span class='ocrx_word' id='word_1_310' title='bbox 348 2624 373 2647; x_wconf 87' lang='grc' dir='ltr'><em>Β</em></span> <span class='ocrx_word' id='word_1_311' title='bbox 386 2623 411 2651; x_wconf 86' lang='grc'>2,</span> <span class='ocrx_word' id='word_1_312' title='bbox 489 2624 509 2654; x_wconf 82' lang='lat' dir='ltr'>i)</span> <span class='ocrx_word' id='word_1_313' title='bbox 531 2630 615 2648; x_wconf 85' lang='lat' dir='ltr'>suum</span> <span class='ocrx_word' id='word_1_314' title='bbox 636 2630 690 2650; x_wconf 88' lang='lat' dir='ltr'>om.</span> <span class='ocrx_word' id='word_1_315' title='bbox 703 2623 770 2650; x_wconf 68' lang='lat'>132.</span> <span class='ocrx_word' id='word_1_316' title='bbox 853 2623 884 2654; x_wconf 84' lang='lat' dir='ltr'>k)</span> <span class='ocrx_word' id='word_1_317' title='bbox 903 2622 988 2648; x_wconf 84' lang='lat' dir='ltr'>daret</span> <span class='ocrx_word' id='word_1_318' title='bbox 1006 2624 1043 2648; x_wconf 79' lang='lat' dir='ltr'>A.</span> <span class='ocrx_word' id='word_1_319' title='bbox 1126 2623 1146 2653; x_wconf 88' lang='lat' dir='ltr'>l)</span> <span class='ocrx_word' id='word_1_320' title='bbox 1165 2623 1257 2654; x_wconf 81' lang='lat' dir='ltr'>irring</span> <span class='ocrx_word' id='word_1_321' title='bbox 1276 2623 1307 2655; x_wconf 82' lang='lat' dir='ltr'>C,</span> <span class='ocrx_word' id='word_1_322' title='bbox 1328 2623 1400 2647; x_wconf 78' lang='lat' dir='ltr'>alibi</span> <span class='ocrx_word' id='word_1_323' title='bbox 1417 2629 1483 2648; x_wconf 80' lang='lat' dir='ltr'>vero</span> <span class='ocrx_word' id='word_1_324' title='bbox 1502 2623 1597 2654; x_wconf 81' lang='lat' dir='ltr'>iring;</span> <span class='ocrx_word' id='word_1_325' title='bbox 1616 2621 1759 2654; x_wconf 81' lang='lat' dir='ltr'>Hiringus</span> <span class='ocrx_word' id='word_1_326' title='bbox 1778 2620 1830 2646; x_wconf 66' lang='grc' dir='ltr'>,ΒΞ</span> 
     </span>
     <span class='ocr_line' id='line_1_40' title="bbox 347 2655 1831 2690; baseline -0.002 -7"><span class='ocrx_word' id='word_1_327' title='bbox 347 2665 472 2690; x_wconf 63' lang='lat' dir='ltr'>sempem</span> <span class='ocrx_word' id='word_1_328' title='bbox 491 2659 537 2683; x_wconf 84' lang='lat' dir='ltr'>uir</span> <span class='ocrx_word' id='word_1_329' title='bbox 555 2658 634 2690; x_wconf 84' lang='lat' dir='ltr'>iring</span> <span class='ocrx_word' id='word_1_330' title='bbox 652 2659 688 2686; x_wconf 77' lang='lat' dir='ltr'>A.</span> <span class='ocrx_word' id='word_1_331' title='bbox 753 2659 793 2689; x_wconf 91' lang='lat' dir='ltr'>m)</span> <span class='ocrx_word' id='word_1_332' title='bbox 811 2658 852 2683; x_wconf 72' lang='lat' dir='ltr'>sic</span> <span class='ocrx_word' id='word_1_333' title='bbox 871 2658 904 2685; x_wconf 74' lang='lat' dir='ltr'>A.</span> <span class='ocrx_word' id='word_1_334' title='bbox 924 2659 949 2683; x_wconf 90' lang='grc' dir='ltr'><em>Β</em></span> <span class='ocrx_word' id='word_1_335' title='bbox 961 2659 991 2689; x_wconf 86' lang='grc'>1;</span> <span class='ocrx_word' id='word_1_336' title='bbox 1012 2661 1173 2684; x_wconf 78' lang='lat' dir='ltr'>conexerat</span> <span class='ocrx_word' id='word_1_337' title='bbox 1192 2659 1223 2686; x_wconf 81' lang='lat'>0.</span> <span class='ocrx_word' id='word_1_338' title='bbox 1242 2658 1342 2689; x_wconf 81' lang='lat' dir='ltr'>Frut.;</span> <span class='ocrx_word' id='word_1_339' title='bbox 1361 2660 1561 2683; x_wconf 82' lang='lat' dir='ltr'>conuexuerat</span> <span class='ocrx_word' id='word_1_340' title='bbox 1579 2656 1640 2682; x_wconf 72' lang='lat' dir='ltr'>Rs.</span> <span class='ocrx_word' id='word_1_341' title='bbox 1706 2657 1738 2687; x_wconf 86' lang='lat' dir='ltr'>n)</span> <span class='ocrx_word' id='word_1_342' title='bbox 1750 2655 1831 2688; x_wconf 80' lang='lat' dir='ltr'>prin-</span> 
     </span>
     <span class='ocr_line' id='line_1_41' title="bbox 348 2691 1892 2726; baseline -0.001 -8"><span class='ocrx_word' id='word_1_343' title='bbox 348 2694 431 2718; x_wconf 85' lang='lat' dir='ltr'>cibus</span> <span class='ocrx_word' id='word_1_344' title='bbox 450 2694 480 2721; x_wconf 80' lang='grc' dir='ltr'>Ο.</span> <span class='ocrx_word' id='word_1_345' title='bbox 554 2693 583 2726; x_wconf 94' lang='lat' dir='ltr'>o)</span> <span class='ocrx_word' id='word_1_346' title='bbox 603 2697 634 2719; x_wconf 81' lang='lat' dir='ltr'>et</span> <span class='ocrx_word' id='word_1_347' title='bbox 651 2694 713 2721; x_wconf 88' lang='lat' dir='ltr'>Bl.</span> <span class='ocrx_word' id='word_1_348' title='bbox 731 2694 827 2725; x_wconf 68' lang='lat' dir='ltr'>Frui„</span> <span class='ocrx_word' id='word_1_349' title='bbox 846 2694 918 2718; x_wconf 76' lang='lat' dir='ltr'>sicut</span> <span class='ocrx_word' id='word_1_350' title='bbox 937 2694 1016 2721; x_wconf 77' lang='lat' dir='ltr'>alibi.</span> <span class='ocrx_word' id='word_1_351' title='bbox 1088 2692 1118 2726; x_wconf 89' lang='lat' dir='ltr'>p)</span> <span class='ocrx_word' id='word_1_352' title='bbox 1138 2694 1303 2719; x_wconf 80' lang='lat' dir='ltr'>consentire</span> <span class='ocrx_word' id='word_1_353' title='bbox 1322 2694 1386 2719; x_wconf 77' lang='lat'>131.</span> <span class='ocrx_word' id='word_1_354' title='bbox 1456 2694 1486 2724; x_wconf 85' lang='lat' dir='ltr'>q)</span> <span class='ocrx_word' id='word_1_355' title='bbox 1504 2699 1607 2718; x_wconf 80' lang='lat' dir='ltr'>manns</span> <span class='ocrx_word' id='word_1_356' title='bbox 1626 2691 1750 2716; x_wconf 83' lang='lat' dir='ltr'>militum</span> <span class='ocrx_word' id='word_1_357' title='bbox 1769 2691 1831 2719; x_wconf 78' lang='lat' dir='ltr'>Bi.</span> <span class='ocrx_word' id='word_1_358' title='bbox 1853 2692 1892 2718; x_wconf 69' lang='lat'>40</span> 
     </span>
     <span class='ocr_line' id='line_1_42' title="bbox 348 2727 1831 2762; baseline -0.002 -8"><span class='ocrx_word' id='word_1_359' title='bbox 348 2728 374 2760; x_wconf 78' lang='lat' dir='ltr'>r)</span> <span class='ocrx_word' id='word_1_360' title='bbox 398 2736 432 2754; x_wconf 82' lang='lat' dir='ltr'>ac</span> <span class='ocrx_word' id='word_1_361' title='bbox 451 2730 511 2756; x_wconf 67' lang='grc' dir='ltr'>ΒΞ).</span> <span class='ocrx_word' id='word_1_362' title='bbox 585 2728 610 2760; x_wconf 90' lang='lat' dir='ltr'>s)</span> <span class='ocrx_word' id='word_1_363' title='bbox 635 2729 707 2755; x_wconf 79' lang='lat' dir='ltr'>satis</span> <span class='ocrx_word' id='word_1_364' title='bbox 727 2730 794 2757; x_wconf 81' lang='lat' dir='ltr'>add.</span> <span class='ocrx_word' id='word_1_365' title='bbox 812 2729 904 2761; x_wconf 59' lang='lat' dir='ltr'>Erat„</span> <span class='ocrx_word' id='word_1_366' title='bbox 925 2730 961 2760; x_wconf 80' lang='lat' dir='ltr'>cs.</span> <span class='ocrx_word' id='word_1_367' title='bbox 983 2729 1065 2760; x_wconf 75' lang='lat' dir='ltr'>infra</span> <span class='ocrx_word' id='word_1_368' title='bbox 1078 2736 1112 2761; x_wconf 79' lang='lat' dir='ltr'>p.</span> <span class='ocrx_word' id='word_1_369' title='bbox 1127 2729 1170 2761; x_wconf 78' lang='lat'>20,</span> <span class='ocrx_word' id='word_1_370' title='bbox 1191 2736 1218 2756; x_wconf 83' lang='lat' dir='ltr'>n.</span> <span class='ocrx_word' id='word_1_371' title='bbox 1231 2736 1264 2762; x_wconf 86' lang='lat' dir='ltr'>a;</span> <span class='ocrx_word' id='word_1_372' title='bbox 1285 2732 1382 2755; x_wconf 78' lang='lat' dir='ltr'>tamen</span> <span class='ocrx_word' id='word_1_373' title='bbox 1401 2735 1459 2753; x_wconf 88' lang='lat' dir='ltr'>nou</span> <span class='ocrx_word' id='word_1_374' title='bbox 1477 2728 1551 2753; x_wconf 75' lang='lat' dir='ltr'>satis</span> <span class='ocrx_word' id='word_1_375' title='bbox 1571 2727 1732 2752; x_wconf 69' lang='lat' dir='ltr'>Reineccius</span> <span class='ocrx_word' id='word_1_376' title='bbox 1750 2733 1786 2758; x_wconf 68' lang='lat' dir='ltr'>p.</span> <span class='ocrx_word' id='word_1_377' title='bbox 1804 2727 1831 2754; x_wconf 80' lang='grc'>4.</span> 
     </span>
    </p>
   </div>
   <div class='ocr_carea' id='block_1_4' title="bbox 343 2808 1890 2995">
    <p class='ocr_par' dir='ltr' id='par_1_4' title="bbox 343 2808 1890 2995">
     <span class='ocr_line' id='line_1_43' title="bbox 351 2808 1829 2854; baseline -0.001 -8"><span class='ocrx_word' id='word_1_378' title='bbox 351 2811 384 2854; x_wconf 92' lang='grc'>1)</span> <span class='ocrx_word' id='word_1_379' title='bbox 409 2811 504 2846; x_wconf 78' lang='lat' dir='ltr'>Ovid.</span> <span class='ocrx_word' id='word_1_380' title='bbox 529 2811 610 2846; x_wconf 80' lang='lat' dir='ltr'>Met.</span> <span class='ocrx_word' id='word_1_381' title='bbox 638 2812 668 2850; x_wconf 90' lang='lat' dir='ltr'>I,</span> <span class='ocrx_word' id='word_1_382' title='bbox 693 2823 722 2846; x_wconf 89' lang='lat' dir='ltr'>v.</span> <span class='ocrx_word' id='word_1_383' title='bbox 743 2813 833 2847; x_wconf 85' lang='lat'><strong>433:</strong></span> <span class='ocrx_word' id='word_1_384' title='bbox 859 2810 994 2845; x_wconf 86' lang='lat' dir='ltr'>discors</span> <span class='ocrx_word' id='word_1_385' title='bbox 1020 2810 1223 2847; x_wconf 78' lang='lat' dir='ltr'>concordia.</span> <span class='ocrx_word' id='word_1_386' title='bbox 1274 2811 1330 2852; x_wconf 79' lang='lat' dir='ltr'>Cf.</span> <span class='ocrx_word' id='word_1_387' title='bbox 1355 2811 1460 2852; x_wconf 73' lang='lat' dir='ltr'>infra</span> <span class='ocrx_word' id='word_1_388' title='bbox 1481 2810 1575 2854; x_wconf 80' lang='lat' dir='ltr'>prol.</span> <span class='ocrx_word' id='word_1_389' title='bbox 1601 2809 1649 2842; x_wconf 83' lang='lat' dir='ltr'>ad</span> <span class='ocrx_word' id='word_1_390' title='bbox 1673 2808 1730 2844; x_wconf 68' lang='lat' dir='ltr'>lib.</span> <span class='ocrx_word' id='word_1_391' title='bbox 1755 2808 1829 2844; x_wconf 91' lang='lat' dir='ltr'><em>III.</em></span> 
     </span>
     <span class='ocr_line' id='line_1_44' title="bbox 349 2856 1829 2902; baseline 0 -10"><span class='ocrx_word' id='word_1_392' title='bbox 349 2859 384 2900; x_wconf 79' lang='lat'>2)</span> <span class='ocrx_word' id='word_1_393' title='bbox 422 2858 556 2892; x_wconf 80' lang='lat' dir='ltr'>Eadem</span> <span class='ocrx_word' id='word_1_394' title='bbox 589 2860 685 2892; x_wconf 75' lang='lat' dir='ltr'>ratio</span> <span class='ocrx_word' id='word_1_395' title='bbox 715 2871 750 2902; x_wconf 83' lang='lat' dir='ltr'>p.</span> <span class='ocrx_word' id='word_1_396' title='bbox 783 2861 837 2900; x_wconf 86' lang='lat'>11,</span> <span class='ocrx_word' id='word_1_397' title='bbox 873 2859 894 2893; x_wconf 79' lang='lat' dir='ltr'>l.</span> <span class='ocrx_word' id='word_1_398' title='bbox 920 2860 943 2894; x_wconf 84' lang='lat'><strong>2</strong></span> <span class='ocrx_word' id='word_1_399' title='bbox 959 2869 1010 2902; x_wconf 80' lang='lat' dir='ltr'>sq.</span> <span class='ocrx_word' id='word_1_400' title='bbox 1046 2863 1076 2892; x_wconf 83' lang='lat' dir='ltr'>et</span> <span class='ocrx_word' id='word_1_401' title='bbox 1107 2859 1213 2900; x_wconf 77' lang='lat' dir='ltr'>infra</span> <span class='ocrx_word' id='word_1_402' title='bbox 1241 2858 1314 2901; x_wconf 90' lang='lat' dir='ltr'>III,</span> <span class='ocrx_word' id='word_1_403' title='bbox 1341 2859 1397 2893; x_wconf 88' lang='grc'>69.</span> <span class='ocrx_word' id='word_1_404' title='bbox 1517 2857 1554 2899; x_wconf 89' lang='grc'>3)</span> <span class='ocrx_word' id='word_1_405' title='bbox 1585 2856 1716 2899; x_wconf 67' lang='lat' dir='ltr'>Vmffl‘l.</span> <span class='ocrx_word' id='word_1_406' title='bbox 1742 2857 1829 2892; x_wconf 55' lang='lat' dir='ltr'>Aen.</span> 
     </span>
     <span class='ocr_line' id='line_1_45' title="bbox 349 2903 1828 2949; baseline 0 -11"><span class='ocrx_word' id='word_1_407' title='bbox 349 2905 418 2947; x_wconf 86' lang='lat' dir='ltr'>IX,</span> <span class='ocrx_word' id='word_1_408' title='bbox 435 2916 465 2940; x_wconf 87' lang='lat' dir='ltr'>v.</span> <span class='ocrx_word' id='word_1_409' title='bbox 484 2907 570 2940; x_wconf 78' lang='lat'>592:</span> <span class='ocrx_word' id='word_1_410' title='bbox 593 2904 797 2949; x_wconf 83' lang='lat' dir='ltr'>fortemque</span> <span class='ocrx_word' id='word_1_411' title='bbox 813 2916 934 2940; x_wconf 83' lang='lat' dir='ltr'>manu,</span> <span class='ocrx_word' id='word_1_412' title='bbox 1031 2906 1068 2949; x_wconf 88' lang='lat'>4)</span> <span class='ocrx_word' id='word_1_413' title='bbox 1083 2905 1145 2939; x_wconf 79' lang='lat' dir='ltr'>Ita</span> <span class='ocrx_word' id='word_1_414' title='bbox 1161 2905 1306 2940; x_wconf 71' lang='lat' dir='ltr'>Sallust.</span> <span class='ocrx_word' id='word_1_415' title='bbox 1323 2903 1503 2947; x_wconf 61' lang='lat' dir='ltr'>Iugurtha</span> <span class='ocrx_word' id='word_1_416' title='bbox 1523 2914 1551 2938; x_wconf 86' lang='lat' dir='ltr'>c.</span> <span class='ocrx_word' id='word_1_417' title='bbox 1565 2905 1597 2939; x_wconf 84' lang='lat'>7.</span> <span class='ocrx_word' id='word_1_418' title='bbox 1694 2904 1730 2946; x_wconf 84' lang='lat'>5)</span> <span class='ocrx_word' id='word_1_419' title='bbox 1755 2903 1784 2938; x_wconf 89' lang='lat' dir='ltr'>I.</span> <span class='ocrx_word' id='word_1_420' title='bbox 1801 2913 1828 2938; x_wconf 80' lang='lat' dir='ltr'>e.</span> 
     </span>
     <span class='ocr_line' id='line_1_46' title="bbox 343 2953 1890 2995; baseline 0.001 -11"><span class='ocrx_word' id='word_1_421' title='bbox 343 2962 479 2995; x_wconf 70' lang='lat' dir='ltr'>parum</span> <span class='ocrx_word' id='word_1_422' title='bbox 503 2953 595 2985; x_wconf 77' lang='lat' dir='ltr'>inter</span> <span class='ocrx_word' id='word_1_423' title='bbox 619 2963 653 2985; x_wconf 80' lang='lat' dir='ltr'>se</span> <span class='ocrx_word' id='word_1_424' title='bbox 678 2953 826 2995; x_wconf 74' lang='lat' dir='ltr'>differre</span> <span class='ocrx_word' id='word_1_425' title='bbox 837 2963 853 2993; x_wconf 85' lang='lat'><em>;</em></span> <span class='ocrx_word' id='word_1_426' title='bbox 881 2954 927 2994; x_wconf 81' lang='lat' dir='ltr'>cf.</span> <span class='ocrx_word' id='word_1_427' title='bbox 951 2954 1054 2995; x_wconf 76' lang='lat' dir='ltr'>infra</span> <span class='ocrx_word' id='word_1_428' title='bbox 1079 2953 1132 2995; x_wconf 83' lang='lat' dir='ltr'>II,</span> <span class='ocrx_word' id='word_1_429' title='bbox 1158 2953 1211 2987; x_wconf 87' lang='lat'>10.</span> <span class='ocrx_word' id='word_1_430' title='bbox 1854 2959 1890 2986; x_wconf 76' lang='lat'>45</span> 
     </span>
    </p>
   </div>
   <div class='ocr_carea' id='block_1_5' title="bbox 2005 2486 2034 3380">
    <p class='ocr_par' dir='ltr' id='par_1_5' title="bbox 2005 2486 2034 3380">
     <span class='ocr_line' id='line_1_47' title="bbox 2005 2486 2034 3380; baseline 0 0"><span class='ocrx_word' id='word_1_431' title='bbox 2005 2486 2034 3380; x_wconf 95' lang='lat' dir='ltr'> </span> 
     </span>
    </p>
   </div>
  </div>
 </body>
</html>
