2034 3380
377 321 562 360 RERUM
587 322 869 360 GESTARUM
892 323 1268 361 SAXONIGARUM
1292 325 1389 363 LIB.
1415 326 1447 363 I.
1612 329 1660 364 35

169 443 321 486 diem*
371 445 612 499 proficiens
663 447 710 487 et
761 457 988 495 crescens,
1040 445 1272 487 robustior
1322 447 1554 502 maiorque
1606 461 1658 490 ac

171 502 336 545 clarior
381 503 600 558 pollebat.
671 503 878 558 Cumque
922 517 1114 558 regnum
1163 504 1247 545 sub
1295 506 1658 548 antecessoribus

171 562 264 603 suis
306 575 361 604 ex
400 562 525 604 omni
564 563 695 616 parte
735 562 979 604 confusum
1025 562 1238 604 civilibus
1278 565 1418 616 atque
1458 566 1658 607 externis

170 620 304 662 bellis
342 616 626 674 colligeretb,
668 621 931 674 pacificaret
973 622 1020 663 et
1059 621 1298 671 adunaret,
1340 622 1472 676 signa
1515 624 1657 665 movit

126 692 143 718 5
170 681 329 720 contra
361 678 561 720 Galliam
593 681 640 721 et
671 678 883 721 Lotharii
911 693 1118 734 regnum.

309 748 537 790 XXVIII.
598 749 847 791 Lotharius
888 750 1008 792 enim
1046 751 1145 792 erat
1184 750 1306 792 filius
1337 749 1649 793 Hluthowici⁰

166 807 456 862 imperatoris
493 821 519 849 a
550 808 721 862 Magno
753 808 927 850 Karolo
967 809 1080 850 nati.
1152 808 1276 850 Huic
1317 811 1449 851 erant
1488 809 1656 852 fratres

167 865 367 907 Karolus
429 868 476 908 et
527 863 896 909 Hluthowicusd.
987 867 1162 909 Karolo
1217 868 1550 922 Aequitaniae⁶
1608 871 1655 911 et

167 921 526 967 Wascanorumf
562 939 735 968 cessere
774 926 984 981 regiones
998 925 1025 977 ¹,
1066 927 1313 968 terminum
1356 927 1561 969 habensg
1596 927 1654 970 ab

105 998 142 1023 ιο
167 983 405 1026 occidente
437 980 776 1026 Bareillonamh
811 981 1088 1040 Hispaniaei
1129 985 1303 1035 urbem,
1347 985 1404 1027 ab
1442 986 1654 1040 aquilone

167 1039 537 1085 Brittannicumk
572 1057 695 1085 mare
728 1046 775 1085 et
806 1039 889 1085 ad¹
930 1044 1166 1086 meridiem
1208 1044 1319 1098 iuga
1349 1044 1552 1099 Alpium,
1596 1045 1655 1086 ad
1687 1072 1695 1102 ,

165 1101 386 1143 orientem
419 1115 526 1144 vero
557 1102 809 1143 Masamm-22
837 1102 1042 1143 fluvium.
1105 1102 1237 1144 Inter
1266 1103 1517 1144 Masamm·2
1545 1117 1654 1146 vero

166 1159 355 1201 fluvium
378 1162 425 1202 et
443 1160 652 1202 Renum¹1
671 1161 892 1203 Lothario
912 1174 1103 1216 regnum
1128 1162 1275 1203 cessit.
1324 1161 1648 1204 Hluthowico⁰
1674 1160 1685 1190 1³

165 1220 316 1260 autem
367 1233 394 1259 a
433 1219 560 1261 Reno
605 1233 750 1274 usque
796 1220 855 1261 ad
898 1220 1011 1262 fines
1051 1219 1243 1261 Illiricil'
1285 1222 1333 1262 et
1372 1220 1669 1274 Pannoniae„

104 1291 140 1317 15
163 1277 442 1319 Adora-m‘l·3
471 1291 650 1333 quoque
690 1278 882 1320 fluvium
923 1281 970 1320 et
1008 1279 1259 1320 terminosr
1295 1278 1532 1320 Danorum
1572 1280 1653 1321 im-

164 1335 338 1390 perium
373 1338 484 1378 erat.
547 1337 641 1379 Sub
675 1337 747 1378 his
777 1337 1000 1379 fratribus
1032 1337 1206 1380 bellum
1237 1338 1463 1380 famosum
1495 1340 1651 1380 aetum

163 1397 234 1436 est
264 1395 312 1436 in
334 1395 607 1437 Phontinith
621 1396 697 1447 ⁸·4,
725 1398 970 1450 antequam
992 1397 1106 1438 haec
1129 1397 1290 1438 divisio
1322 1395 1477 1451 regnit
1507 1398 1650 1440 fieret.

162 1453 331 1496 Postea
360 1458 497 1496 verou
531 1455 660 1497 facta
689 1455 1019 1498 inviolabiliter
1054 1455 1235 1505 mansit,
1277 1469 1512 1510 quousque
1551 1456 1651 1499 iure

163 1513 443 1555 hereditario
483 1514 597 1556 haec
633 1528 775 1569 regna
814 1514 969 1556 omnia
1009 1515 1224 1557 cederent
1255 1514 1429 1556 Karolo
1443 1514 1471 1565 ⁵,
1512 1515 1650 1557 huius

103 1587 139 1612 20
163 1571 401 1613 Lothariiv
433 1586 615 1626 proavo,
648 1574 705 1615 de
736 1586 826 1627 quo
857 1573 1024 1628 supra6
1054 1573 1335 1615 mentionem
1365 1574 1573 1615 fecimus.

0 1657 138 1690 emmo.
307 1642 588 1693 *XXVIIIL
650 1643 789 1685 Hunc
826 1644 1009 1697 quidam
1043 1658 1098 1685 ex
1128 1643 1428 1685 orientalibus
1461 1644 1648 1685 Francis

163 1701 321 1743 adiens
366 1702 550 1744 nomine
592 1701 737 1753 Odaw,
778 1703 848 1744 vir
892 1703 1026 1743 fortis
1068 1705 1115 1744 et
1161 1703 1381 1756 prudens,
1430 1702 1645 1756 egitque¹

163 1760 353 1802 consilio
393 1774 488 1811 suo,
531 1763 584 1802 ut
625 1775 728 1803 cum
761 1761 905 1802 Danis
944 1761 1060 1803 bene
1100 1763 1397 1816 pugnaretur,
1438 1761 1518 1815 qui
1556 1761 1648 1802 iam

161 1818 320 1860 multis
351 1819 484 1861 annis
514 1819 705 1862 Karolir
740 1833 934 1875 regnum
973 1820 1214 1870 vexabant,
1256 1833 1438 1873 unaque
1479 1819 1553 1861 die
1594 1833 1649 1861 ex

99 1891 136 1918 25
161 1878 225 1919 eis
266 1878 324 1919 ad
365 1880 551 1921 centum
591 1878 720 1920 milia
760 1878 1100 1921 caederentur-⁷.
1164 1878 1232 1919 Ex
1269 1879 1356 1920 hoc
1387 1877 1468 1920 ille
1509 1877 1647 1921 OdaW

158 2014 190 2047 a)
217 2013 266 2040 die
285 2016 315 2043 C.
422 2016 453 2047 b)
482 2018 512 2041 et
531 2016 599 2043 add.
617 2016 680 2043 132.
795 2017 822 2047 c)
850 2014 990 2041 ludewici
1012 2016 1047 2043 A.
1066 2016 1167 2046 Frut.,·
1194 2015 1339 2040 Ludouici
1357 2015 1424 2047 1323
1453 2015 1599 2041 luthouici
1619 2015 1648 2043 Ο.

161 2049 192 2083 d)
213 2050 385 2076 luthuuicus
403 2051 431 2078 h.
449 2052 467 2078 l.
487 2051 516 2078 C.
603 2050 631 2083 e)
654 2051 696 2076 eie
714 2051 754 2080 C:
778 2051 936 2082 equitanee
958 2058 1010 2078 sec.
1028 2059 1117 2076 mama
1136 2058 1212 2078 corr.
1231 2051 1389 2082 aquitanee
1407 2051 1475 2083 B1;
1495 2051 1648 2081 aquitanie

160 2087 196 2113 A,
213 2086 275 2114 ΒΞ.
292 2086 376 2114 Frut.
465 2085 488 2119 f)
513 2093 719 2112 wasconorum
737 2087 780 2117 A,-
799 2086 947 2112 wasconie
965 2087 1048 2115 Frut.
1132 2087 1161 2118 g)
1186 2086 1331 2111 habentes
1348 2086 1411 2111 Bl.
1494 2085 1525 2117 h)
1551 2085 1648 2111 barci-

159 2120 256 2146 lonam
280 2122 325 2152 A,·
350 2121 547 2147 Barcinonam
570 2121 640 2154 1323
666 2121 855 2147 barcelonam
878 2122 962 2149 Frui.
1050 2120 1072 2154 i)
1095 2121 1198 2152 spanie
1223 2121 1260 2148 A.
1340 2119 1372 2154 k)
1397 2121 1589 2146 brittanicum
1609 2121 1648 2151 C,-

99 2156 136 2181 80
159 2156 364 2182 Britannicum
383 2157 446 2182 BQ.
465 2157 548 2184 Frut.
618 2156 639 2188 1)
664 2155 704 2182 ad
723 2163 780 2181 om.
799 2157 835 2184 A.
906 2158 947 2187 111)
971 2163 1083 2181 mosam
1100 2156 1162 2183 Bl.
1181 2156 1212 2189 Ως
1233 2162 1336 2181 masan
1354 2156 1385 2183 G.
1456 2155 1487 2187 11)
1511 2156 1648 2181 Rhenum

158 2191 212 2217 132
230 2194 256 2217 oi
273 2192 357 2219 Fr-ut.
374 2198 495 2224 semper.
568 2191 598 2223 ο)
616 2190 759 2218 Ludwico
778 2192 821 2223 A,·
840 2190 1003 2217 ludowicus
1021 2191 1088 2225 313
1109 2191 1263 2218 luthunico
1282 2191 1314 2216 C.
1397 2190 1428 2223 p)
1447 2190 1560 2223 Illyrici
1578 2191 1646 2223 BQ

159 2227 274 2252 Ylliriei
297 2228 380 2254 Frut.
488 2226 519 2260 q)
542 2227 584 2252 sic
609 2228 647 2259 O;
671 2226 718 2252 Ad
742 2227 832 2253 Oram
857 2227 928 2259 1323
955 2225 1078 2252 odoram
1100 2227 1138 2254 A.
1162 2226 1189 2251 B
1203 2227 1217 2252 1
1243 2227 1316 2256 (non
1340 2226 1543 2258 odoramque).
1564 2226 1648 2253 Frut.

158 2261 185 2294 r)
203 2262 361 2288 torminum
379 2262 441 2289 B2.
523 2263 548 2293 fl)
566 2262 612 2287 Ph
632 2269 646 2288 e
664 2269 742 2290 corr.
762 2263 801 2291 C,·
819 2262 972 2288 Fontinith
991 2262 1059 2294 323
1080 2262 1256 2287 Phontinich
1274 2262 1358 2289 Frut.
1445 2263 1467 2292 t)
1485 2261 1573 2302 regui
1592 2268 1648 2289 om.

157 2297 185 2323 Β
197 2299 224 2326 1.
312 2297 343 2330 u)
361 2305 436 2330 pace
455 2297 523 2326 aaa.
540 2298 604 2325 Bl.
693 2297 726 2330 v)
744 2296 891 2323 Ludouiei
909 2298 977 2330 1323
997 2297 1150 2323 Ludewici
1169 2297 1230 2323 filio
1247 2297 1333 2322 Frut.
1425 2298 1465 2328 w)
1485 2299 1533 2322 oto
1552 2296 1648 2330 (outo)

98 2332 134 2358 35
158 2333 241 2361 nna.
258 2339 378 2365 semper.
450 2334 483 2364 x)
500 2333 563 2366 egit
580 2333 643 2359 Bi.
715 2334 748 2366 y)
766 2333 850 2365 regni
868 2333 965 2358 karoli
982 2333 1045 2360 Bl.

100 2459 103 2461 >
160 2437 198 2483 1)
220 2438 327 2472 Paeto
345 2439 566 2473 Vardunmsi
589 2450 622 2475 a.
640 2440 723 2475 843.
811 2440 848 2482 2)
876 2439 995 2474 Maus.
1084 2438 1121 2483 3)
1143 2438 1268 2481 E'v’der,
1291 2448 1380 2481 quae
1399 2441 1431 2471 et
1447 2436 1644 2482 Aegidora,

157 2484 343 2529 Agadora,
361 2484 519 2530 Egdora,
536 2484 684 2521 Eidora.
722 2486 881 2520 Econtra
900 2485 991 2520 oder
1002 2486 1039 2527 fl.
1062 2496 1086 2518 a
1102 2489 1224 2519 nostro
1244 2486 1355 2527 infra
1374 2485 1427 2527 II,
1445 2485 1501 2520 21.
1525 2483 1645 2519 odera

157 2532 301 2567 dicitur.
408 2533 447 2576 4)
474 2532 666 2575 Pomorum,
692 2543 725 2568 a.
752 2534 832 2569 841.
941 2533 978 2576 5)
1006 2533 1106 2567 Haec
1127 2542 1199 2566 non
1222 2532 1264 2566 de
1288 2532 1427 2565 Karolo
1450 2532 1501 2566 II.
1529 2531 1644 2573 Calvo,

158 2578 330 2612 Lotham'i
360 2579 481 2622 abavo,
516 2580 576 2614 sed
608 2580 748 2613 Karolo
780 2580 853 2615 III.
888 2580 1054 2622 (Ora-93⁰)
1086 2580 1159 2613 dici
1184 2583 1347 2622 possunt,
1382 2589 1482 2621 quem
1510 2578 1648 2611 Karoli

98 2631 136 2657 ιο
158 2625 338 2670 Βὺηρῑίαἱς
359 2630 499 2669 patrem
532 2638 556 2660 a
587 2630 710 2660 nostro
734 2627 827 2669 finyi
857 2628 933 2660 iam
958 2627 1127 2670 Bouquet,
1160 2625 1331 2659 ‘Recueil’
1364 2625 1467 2667 VIII,
1496 2635 1536 2668 p.
1561 2626 1643 2667 217,

158 2683 193 2708 n.
218 2672 254 2715 b,
289 2674 480 2709 annotavit.
529 2674 674 2715 (Noster
698 2683 805 2717 aeque
828 2683 870 2707 ac
892 2673 1167 2717 Liudfflandus,
1200 2674 1334 2716 Antap.
1362 2672 1392 2714 Ι,
1420 2673 1453 2707 5.
1481 2673 1527 2706 14
1558 2671 1644 2714 [SS.

159 2730 192 2755 r.
223 2720 266 2755 G.
299 2732 337 2765 p.
367 2722 400 2756 6.
427 2721 491 2764 13]
528 2721 685 2754 Karolos
724 2721 814 2754 duos
851 2720 995 2754 Calvum
1033 2723 1065 2754 et
1101 2720 1271 2754 Orassum
1303 2729 1375 2763 pro
1413 2728 1485 2752 uno
1520 2718 1646 2751 habuit

161 2770 192 2799 et
225 2777 293 2810 pro
327 2767 405 2809 filio
438 2768 515 2801 eius
550 2767 728 2801 Kar-olum
764 2767 981 2810 Simplioem,
1021 2767 1225 2800 Hludowt'ci
1260 2766 1370 2799 Balbi
1401 2765 1643 2809 posthumum.

161 2811 356 2854 PERTZ)-
414 2814 470 2856 Cf.
503 2825 618 2858 supra
646 2825 686 2858 p.
711 2815 769 2857 22,
804 2825 840 2850 n.
867 2815 899 2849 1.
1019 2815 1056 2857 6)
1095 2813 1180 2856 Gap.
1207 2814 1262 2848 16.
1384 2814 1419 2856 7)
1456 2812 1510 2845 De
1543 2812 1645 2845 urbis

100 2863 139 2888 45
162 2857 367 2895 Par-isiacae
394 2862 562 2895 advers-us
585 2862 906 2895 Nordmannorum
931 2862 1097 2903 impetum
1122 2860 1322 2901 defensione
1345 2863 1465 2893 auctor
1490 2859 1645 2901 fortasse

161 2906 332 2948 metavit,
364 2911 512 2942 cetorum
543 2918 633 2952 quae
664 2909 706 2942 ck
741 2908 855 2942 Odone
888 2911 918 2941 et
951 2907 1091 2941 Karolo
1125 2906 1287 2950 Simplice
1319 2906 1465 2948 exhibet,
1504 2907 1644 2939 omnino

161 2951 262 2993 falsa
285 2955 316 2986 et
340 2953 503 2995 fabulosa
526 2959 620 2990 sunt.
663 2955 736 2989 odo
760 2956 861 2998 filius
875 2955 950 2996 fuit
973 2955 1110 2988 comitis
1133 2953 1302 2996 lietberti,
1323 2957 1403 2997 post
1420 2952 1555 2987 Karoli
1569 2953 1642 2987 ΙΙΙ,

1313 3023 1358 3058 3*
