2034 3380
294 476 374 511 932.

294 827 373 861 933.

387 351 434 385 48
983 344 1275 381 WIDUKINDI

389 469 572 509 sanctus
604 466 652 507 in
684 466 895 508 omnibus
922 467 1134 521 operibus
1156 467 1248 508 suis
1263 465 1291 506 1.
1340 465 1537 520 Operam
1557 478 1685 506 suam
1707 465 1871 507 deinde

388 526 661 580 promittens
691 525 817 580 regia
853 527 1013 567 contra
1043 527 1229 579 gentem
1260 519 1572 574 acerrimamb,
1615 523 1786 565 dextris
1822 523 1872 564 in

389 584 566 626 caelum
609 584 824 626 elevatis⁰
870 586 1057 639 pactum
1103 584 1315 625 firmavit.
1386 583 1486 624 Tali
1531 583 1687 636 itaque
1738 583 1872 636 pacto

389 657 492 685 cum
541 643 711 698 populo
757 644 943 697 peracto
991 643 1165 684 dimisit
1209 656 1288 684 rex
1333 641 1692 683 multitudinem.
1761 640 1873 682 Post

389 703 500 744 haec
552 702 695 756 legati
741 698 1076 756 Ungariorumd
1128 702 1342 743 adierunt
1392 714 1546 755 regem
1597 713 1679 754 pro
1725 698 1873 741 solitis

388 761 664 811 muneribus,
714 761 793 803 sed
847 761 903 802 ab
951 774 1004 802 eo
1051 760 1193 815 spreti
1238 760 1287 801 in
1337 761 1508 801 terram
1560 772 1688 800 suam
1739 758 1873 799 vacui

388 822 521 862 sunte
558 820 740 862 reversi.
802 819 931 861 Haec
968 814 1236 861 audientesf
1272 819 1458 869 Avares,
1499 817 1644 859 nichil
1675 816 1870 858 moratig

389 893 491 920 cum
524 879 652 933 gravi
682 878 930 932 hostilique
968 891 1108 918 manu
1147 877 1373 918 festinant
1411 877 1584 918 intrare
1616 875 1871 917 Saxoniam.

388 938 448 979 Et
479 938 567 979 iter
608 939 795 990 agentes
842 931 950 991 perh
988 931 1351 977 Dalamantiami
1402 935 1459 976 ab
1500 934 1700 988 antiquis
1739 947 1872 988 opem

387 998 554 1051 petunt
586 995 742 1036 amicis
757 995 784 1035 ².
837 994 917 1035 Illi
947 1008 1054 1036 vero
1087 995 1281 1036 scientes
1313 1007 1388 1035 eos
1419 993 1638 1035 festinare
1660 993 1718 1034 ad
1740 992 1873 1034 Saxo-

388 1055 512 1095 niam
559 1049 878 1107 Saxonesquek
925 1054 983 1094 ad
1036 1053 1335 1107 pugnandum
1382 1066 1484 1094 cum
1537 1046 1625 1093 eisl
1674 1052 1871 1105 paratos,

388 1113 739 1167 pinguissimum
785 1115 900 1166 prom
940 1125 1128 1153 munere
1176 1111 1239 1153 eis
1286 1111 1518 1165 proiciunt
1564 1123 1736 1151 canem.
1813 1109 1874 1150 Et

389 1186 492 1214 cum
523 1185 615 1213 non
648 1173 767 1213 esset
797 1171 1013 1212 iniuriam
1043 1170 1308 1212 vindicandi
1338 1170 1466 1211 locus
1506 1169 1565 1210 ad
1597 1168 1734 1210 aliam
1765 1180 1874 1222 pug-

388 1245 494 1272 nam
545 1230 886 1280 festinantibus,
941 1243 1044 1271 cum
1094 1229 1344 1271 ridiculosa
1389 1228 1499 1270 satis
1544 1226 1873 1269 vociferatione

388 1290 570 1344 longius
601 1290 967 1344 prosequuntur11
1004 1288 1186 1329 amicos.
1255 1287 1407 1342 Igitur
1446 1299 1583 1341 quam
1622 1287 1873 1340 potuerunt

387 1348 628 1402 repentino
649 1348 812 1402 inpetu
832 1347 1009 1389 intrant
1031 1347 1144 1388 fines
1165 1346 1517 1400 Thuringorum,
1543 1344 1698 1386 illam⁰
1725 1345 1873 1385 totam

386 1409 558 1449 terram
589 1406 822 1448 hostiliter
852 1407 1167 1460 pervagantes.
1231 1404 1393 1458 Ibique
1426 1403 1581 1446 divisis
1619 1403 1752 1444 sociis
1793 1402 1874 1443 alii

389 1466 447 1507 ad
478 1465 763 1507 occidentem
795 1465 1060 1519 pergebant,
1094 1464 1151 1506 ab
1183 1464 1420 1505 occidente
1452 1464 1500 1504 et
1529 1461 1718 1503 meridie
1741 1461 1873 1502 Saxo-

388 1525 512 1566 niam
558 1525 828 1578 quaerentes
874 1524 1061 1564 intrare.
1144 1522 1260 1564 Sedp
1308 1522 1507 1563 Saxones
1553 1520 1725 1575 pariter
1770 1533 1873 1561 cum

388 1583 635 1637 Thuringis
682 1582 947 1636 congregati
996 1582 1113 1623 inito
1161 1595 1264 1623 cum
1311 1581 1375 1622 eis
1422 1579 1683 1629 certamine,
1732 1577 1873 1619 caesis

390 1641 596 1692 ducibus,
630 1642 804 1682 ceteros
835 1640 960 1682 illius
987 1640 1214 1682 exercitus
1235 1638 1562 1681 occidentalisq
1591 1640 1699 1692 perr
1726 1638 1874 1678 totam

388 1700 517 1741 illam
548 1700 782 1754 regionem
813 1712 962 1741 errare
993 1699 1218 1741 fecerunt.
1275 1697 1479 1749 Quorum
1510 1696 1590 1738 alii
1619 1696 1743 1737 fame
1774 1709 1874 1737 con-

390 1759 574 1813 sumpti,
608 1758 712 1800 aliis
741 1758 912 1812 frigore
945 1757 1169 1808 dissoluti,
1203 1756 1283 1798 alii
1314 1757 1467 1798 autem
1500 1755 1620 1797 caesi
1640 1754 1714 1796 vel
1736 1754 1872 1808 capti,

389 1820 442 1859 ut
475 1818 603 1872 digni
635 1819 778 1867 erant,
821 1816 1142 1858 miserabiliter
1181 1815 1429 1870 perierunt.
1501 1813 1591 1865 Qui
1631 1815 1786 1855 autem
1825 1812 1875 1853 in

390 1877 566 1918 oriente
597 1875 817 1918 remansit
854 1875 1079 1917 exercitus
1120 1874 1298 1916 audivit
1329 1874 1385 1915 de
1416 1886 1567 1914 sorore
1592 1872 1724 1926 regis,
1757 1884 1873 1925 quae

390 1937 610 1990 nupserat
643 1934 862 1976 Widoni3
900 1931 1162 1988 Thuringot
1202 1955 1260 1961 —
1300 1934 1399 1974 erat
1439 1945 1634 1985 namque
1673 1930 1784 1971 illau
1819 1943 1875 1972 ex

391 1994 674 2036 concubina.v
710 1995 820 2034 nata
852 2015 921 2043 —,
955 1993 1062 2046 quia
1092 1992 1289 2034 vicinam
1320 1991 1513 2032 urbemW
1543 1989 1872 2039 inhabitaret¹,

391 2055 437 2095 et
468 2053 616 2094 multa
646 2052 842 2107 pecunia
872 2052 915 2094 ei
946 2053 1092 2093 essety
1129 2051 1229 2092 auri
1260 2052 1307 2092 et
1338 2048 1539 2103 argenti;
1580 2048 1704 2093 unde
1743 2049 1876 2089 tanta.

389 2112 435 2153 vi
474 2112 631 2154 urbem
678 2110 968 2166 obpugnarez
1008 2111 1298 2165 coeperanta,
1347 2110 1412 2159 ut,
1459 2107 1549 2148 nisi
1594 2120 1683 2148 nox
1727 2106 1874 2148 visum

390 2249 419 2282 a)
443 2249 507 2281 regi
526 2256 580 2276 om.
599 2250 629 2276 C.
701 2248 732 2282 b)
756 2249 947 2280 asperrimam
967 2249 1028 2276 Β1.
1106 2246 1134 2281 c)
1159 2247 1265 2272 leuatis
1284 2247 1373 2274 Saxo.
1452 2243 1484 2276 d)
1502 2245 1688 2276 Ungarorum
1706 2243 1768 2270 132.
1786 2242 1875 2270 Saevo.

391 2285 418 2317 e)
442 2292 504 2309 rev.
525 2287 592 2310 sunt
611 2285 640 2311 0.
658 2285 741 2312 Frut.
819 2284 842 2316 f)
867 2282 1023 2309 audientes
1044 2290 1098 2311 om,
1117 2283 1179 2310 Β1.
1250 2283 1282 2314 g)
1306 2283 1383 2308 sunt.
1409 2280 1477 2305 add.
1503 2281 1538 2307 A.
1610 2278 1642 2312 h)
1667 2285 1721 2310 per
1740 2285 1795 2305 om.
1813 2278 1874 2305 Β1.

390 2320 412 2351 i)
431 2320 610 2345 Dalmatiam
630 2320 695 2352 B2;
717 2319 908 2344 dalmantiam
928 2319 1015 2346 Saxo.
1104 2316 1137 2350 k)
1155 2324 1282 2342 saxones
1301 2318 1370 2348 (que
1390 2315 1460 2348 om.)
1477 2316 1513 2342 A.
1602 2313 1624 2347 1)
1644 2320 1708 2339 esse
1727 2313 1796 2340 aad.
1813 2313 1876 2340 Bl.

391 2355 432 2388 m)
459 2355 502 2380 eis
521 2362 574 2386 pro
593 2361 716 2379 munere
735 2355 771 2379 Δ.
880 2355 910 2384 n)
934 2355 1130 2385 prosecuntur
1149 2352 1184 2384 A,
1210 2353 1282 2377 sicut
1306 2351 1386 2379 alibi.
1492 2349 1522 2383 ο)
1547 2352 1640 2375 totam
1658 2348 1740 2374 illam
1764 2351 1875 2374 terram

391 2397 514 2422 peruag.
533 2390 631 2416 hostil.
649 2390 711 2414 Β1.
803 2387 835 2421 p)
854 2387 912 2414 Sed
930 2396 985 2416 om.
1003 2389 1065 2416 131.
1155 2388 1185 2419 q)
1204 2385 1401 2412 occidentales
1419 2386 1482 2413 Bl.
1571 2384 1598 2418 r)
1615 2391 1670 2416 per
1688 2391 1780 2415 supra
1799 2383 1876 2408 linea

391 2432 533 2457 superser.
556 2425 582 2449 B
596 2426 622 2450 1.
731 2425 757 2455 s)
781 2424 831 2449 alii
849 2431 911 2450 om.
936 2425 972 2450 A.
1082 2424 1105 2454 t)
1129 2422 1336 2454 thuringorum
1361 2421 1388 2446 B
1401 2422 1426 2449 1.
1531 2421 1563 2451 u)
1587 2419 1640 2445 illa
1665 2426 1719 2447 om.
1738 2419 1769 2446 Ο.
1788 2418 1875 2446 Saxo.

391 2463 422 2492 v)
447 2468 514 2486 con·
534 2460 564 2484 in
583 2461 643 2485 loco
663 2467 742 2492 raso,
765 2462 796 2483 ut
815 2459 935 2491 videtur,
955 2459 990 2486 A.
1080 2459 1119 2489 w)
1144 2458 1247 2483 urbem
1266 2465 1320 2482 om.
1342 2457 1373 2485 O.
1464 2454 1496 2487 x)
1520 2455 1723 2480 inhabitarent
1747 2454 1784 2481 A.
1807 2454 1834 2479 Β
1847 2454 1875 2481 1.

391 2498 421 2528 y)
447 2498 547 2521 essent
566 2495 594 2522 C.
684 2494 712 2529 z)
738 2501 911 2527 expugnare
929 2494 992 2519 Β2.
1083 2492 1112 2526 a)
1136 2493 1176 2518 sic
1195 2493 1232 2518 Α.
1252 2492 1314 2520 Β1.
1332 2492 1358 2520 2.
1379 2491 1408 2519 C.
1429 2491 1518 2523 Saxo,
1538 2498 1594 2516 non
1613 2492 1784 2522 coeperunt,
1803 2489 1876 2514 sicut

397 2531 488 2555 Waitz
505 2530 630 2562 scripsit,

392 2648 426 2694 1)
462 2649 520 2691 Cf.
554 2648 688 2683 Psalm.
722 2648 802 2689 144,
840 2649 902 2683 lv:
950 2645 1073 2680 Iustus
1116 2644 1294 2679 Dominus
1336 2643 1375 2677 in
1418 2642 1584 2677 omnibus
1617 2641 1685 2676 viis
1728 2640 1800 2675 suis
1838 2642 1876 2675 et

1900 1006 1936 1031 10

1901 1298 1936 1324 15

1899 1591 1935 1616 20

1899 1886 1935 1911 25

1900 2245 1936 2271 30

1899 2419 1936 2446 36

391 2697 534 2730 sanctus
567 2695 605 2729 in
639 2694 806 2729 omnibus
839 2692 1010 2738 operibus
1044 2691 1139 2735 suis3
1174 2692 1259 2727 ibid.
1293 2702 1323 2727 v.
1360 2693 1423 2726 13:
1458 2689 1594 2724 Fidelis
1626 2687 1802 2723 Dominus
1835 2686 1875 2721 in
1898 2694 1936 2719 ιο

391 2742 558 2777 omnibus
582 2741 702 2776 verbis
726 2741 799 2775 suis
824 2743 861 2775 et
890 2742 1033 2774 sanctus
1066 2739 1104 2773 in
1138 2738 1306 2773 omnibus
1340 2736 1510 2782 operibus
1542 2735 1625 2771 suis,
1745 2733 1782 2780 2)
1819 2734 1874 2776 Cf.

390 2800 503 2834 supra
537 2800 564 2825 c.
592 2791 648 2825 17.
672 2791 730 2825 20.
850 2787 886 2833 3)
920 2788 973 2822 De
996 2787 1150 2829 Widone,
1175 2788 1250 2820 eius
1273 2795 1384 2819 umore
1410 2787 1512 2827 atque
1543 2782 1630 2816 urbe
1662 2782 1750 2815 certi
1779 2781 1878 2814 nihil

391 2841 547 2878 constat‚·
580 2836 786 2878 Kirchhoffl
823 2834 1090 2877 ‘Forschunyen
1116 2845 1150 2869 z.
1184 2834 1230 2868 D.
1267 2831 1399 2866 Gesoh!
1437 2830 1519 2872 VII,
1557 2840 1597 2872 p.
1627 2830 1697 2865 575
1723 2839 1810 2872 sqq„
1843 2831 1875 2861 et

395 2884 510 2925 Voiqt‚
537 2884 615 2917 ‘Die
647 2883 803 2916 Po'hlder
828 2882 988 2916 Chronik
1019 2880 1095 2914 und
1126 2881 1182 2913 die
1214 2881 1253 2913 ae’n
1285 2879 1347 2912 ihr
1378 2877 1596 2911 anthaltenen
1620 2874 1874 2918 Kaazsersaqen'

391 2931 559 2972 (Dissert.
592 2929 680 2964 Hal.
708 2930 816 2972 1879)
846 2941 883 2973 p.
908 2930 955 2964 33
972 2939 1057 2972 sqq.,
1087 2928 1128 2961 de
1161 2926 1299 2960 castello
1333 2925 1536 2966 Jechabury
1561 2933 1675 2966 prope
1703 2923 1876 2957 Sonders-

391 2977 525 3010 hausen
550 2978 796 3018 coyitaverun-t.

1898 2927 1937 2953 45

2015 292 2018 293 ’
2012 262 2013 265 ⁴
2003 76 2034 251 'QQJAQffiM
1981 0 2034 37 ‚d
