2034 3380
391 322 509 359 XXII
981 320 1287 357 PRAEFATIO.

392 442 472 483 huc
503 440 798 483 transmissum
830 455 922 484 cum
952 445 1068 483 tanto
1098 441 1235 484 studio
1267 441 1439 495 contuli,
1480 446 1527 483 ut
1556 442 1628 484 vix
1658 443 1880 497 quicquam

393 499 622 553 neqlexisse
652 499 760 542 milii
789 499 947 542 videar.

537 558 736 624 Sequitur
767 558 915 601 classis
945 559 1000 611 B,
1043 558 1117 612 qui
1147 573 1402 625 quamquam
1440 573 1569 625 usque
1609 561 1667 602 ad
1705 575 1746 602 a.
1780 565 1877 603 973.

392 617 615 660 historiam
654 617 829 670 deducit,
877 617 1156 671 antiquiorem
1197 618 1333 671 operis
1371 618 1653 661 recensionem
1684 621 1881 673 praebet:

534 676 578 719 B
613 676 657 730 l)
727 675 864 719 Codeoe
924 676 1363 720 Londiniensis
1428 677 1561 719 musei
1625 677 1881 722 Biitannici
1904 696 1923 722 ⁶

391 750 458 779 nr.
483 740 626 778 21109
642 736 669 788 1,
701 737 1053 788 membranaceus,
1085 736 1249 787 formae
1278 737 1524 789 quadratae,
1556 736 1759 788 foliorum
1783 741 1878 791 184,

391 795 538 847 medio,
570 799 617 837 ut
646 794 821 847 videtur,
855 808 960 836 saec.
997 794 1113 835 XII.
1145 794 1326 848 scriptus
1340 796 1366 847 2,
1408 795 1481 848 qui
1511 795 1611 837 olim
1650 795 1700 838 in
1740 796 1880 839 biblio-

393 854 511 896 theca
541 852 789 896 monasterii
812 852 1094 904 Steinfeld
1111 853 1287 895 diocesis
1315 853 1576 896 Coloniensis
1597 859 1837 897 asservatus
1850 855 1878 908 3,

393 927 433 955 a.
461 916 586 954 1855.
620 927 648 954 a
675 911 898 955 Ghevalier
929 913 978 953 de
1010 911 1171 954 Bearzi
1202 912 1395 954 Lutetiae
1420 912 1692 955 Parisiorum
1722 918 1882 967 emptus

393 976 463 1014 est.
549 971 744 1013 Continet
793 970 1018 1012 nonnullos
1064 969 1192 1012 libros
1235 970 1455 1013 historicos
1500 972 1700 1014 celebres:
1751 972 1881 1015 Gesta
1906 990 1941 1016 ιο

393 1029 626 1083 Daqoberti
667 1030 700 1071 I
707 1030 735 1081 4,
785 1028 926 1071 Vitam
974 1028 1133 1071 Karoli
1179 1033 1347 1071 auctore
1391 1029 1638 1083 Einhardo,
1688 1031 1882 1085 Theyani

393 1103 426 1131 c.
464 1092 588 1140 1-—7‚
630 1088 825 1130 Annales
855 1088 1127 1130 Francorum
1158 1089 1216 1129 ad
1250 1103 1289 1130 a.
1324 1092 1422 1141 827,
1460 1087 1601 1130 Vitam
1631 1089 1686 1131 H
1687 1088 1883 1132 ludowici

393 1147 468 1189 Pii
499 1161 766 1201 anonymam,
805 1146 1051 1200 Theyanum
1086 1161 1214 1200 usque
1245 1147 1303 1189 ad
1333 1162 1365 1190 c.
1400 1151 1468 1189 22.
1501 1147 1705 1200 mutilum,
1737 1147 1882 1190 Histo-

392 1206 486 1248 rias
516 1206 786 1249 Francorum
819 1205 1203 1258 Steinveldenses⁵,·
1245 1205 1352 1257 folia
1393 1205 1569 1259 denique
1605 1206 1879 1248 138‘—181¹.

393 1265 556 1308 Rerum
585 1269 728 1319 qestai
728 1279 799 1306 um
822 1264 1134 1307 Saxonicarum
1156 1264 1258 1306 libii
1279 1269 1491 1318 occupant.
1539 1265 1670 1307 Liber
1690 1266 1883 1319 quamvis
1907 1284 1942 1310 15

394 1338 479 1367 non
512 1323 645 1378 paivi
676 1323 732 1365 sit
770 1323 1006 1376 faciendus,
1049 1337 1134 1365 non
1166 1323 1272 1376 pari
1316 1323 1539 1377 diliqentia
1579 1328 1639 1367 est
1677 1324 1881 1390 scriptus:

393 1385 611 1426 verborum
652 1383 841 1425 ordinem
881 1382 1093 1424 interdum
1133 1382 1312 1435 scriptor
1351 1382 1574 1436 turbavitss,
1621 1383 1748 1426 verba
1787 1383 1882 1437 ipsa

394 1442 583 1494 mutavit,
627 1457 660 1484 e.
700 1455 766 1495 qr
810 1445 856 1484 et
891 1455 971 1495 pro
1013 1445 1149 1496 atque
1190 1441 1360 1506 saepius
1393 1441 1546 1495 posuit,
1595 1456 1647 1484 ne
1687 1456 1883 1485 numeros

394 1501 560 1555 quidem
605 1505 712 1543 recte
759 1500 941 1543 servavit
957 1501 982 1540 ⁷.
1061 1500 1210 1542 Pauca
1255 1500 1304 1543 in
1350 1515 1395 1542 eo
1442 1501 1636 1554 lequntur
1681 1506 1880 1554 correcta,

393 1564 535 1602 utrum
567 1576 594 1602 a
618 1559 766 1613 prima
796 1574 928 1601 manu
959 1574 1018 1601 an
1049 1574 1078 1602 a
1108 1560 1303 1611 secunda,
1337 1573 1423 1602 non
1444 1559 1635 1602 omnibus
1655 1560 1757 1602 locis
1777 1560 1883 1603 satis
1907 1578 1943 1604 20

394 1619 547 1673 liquet,·
583 1634 604 1661 e
636 1619 742 1660 libro
774 1618 906 1660 codici
937 1618 979 1659 A
1013 1617 1254 1671 propinquo
1277 1632 1422 1671 pauca
1452 1618 1501 1660 in
1532 1617 1638 1660 libro
1668 1618 1713 1661 B
1738 1623 1757 1660 1
1797 1633 1884 1662 esse

395 1683 580 1721 correcta
612 1692 662 1720 ean
685 1692 730 1731 p.
761 1681 853 1730 101,
886 1691 929 1719 n.
953 1692 995 1732 g.
1018 1678 1047 1719 i.
1069 1678 1100 1718 k
1131 1676 1312 1730 aliisque
1341 1677 1523 1729 fortasse
1545 1682 1664 1730 potes
1684 1677 1882 1721 conicere.

401 1739 520 1791 Quod
542 1751 673 1780 unum
695 1736 845 1788 folium
868 1735 990 1789 (III,
1010 1735 1212 1789 73—75)
1239 1735 1422 1778 excisum
1452 1750 1582 1789 neque
1611 1750 1741 1790 usque
1770 1751 1884 1780 nunc

394 1801 602 1850 repertum
642 1795 713 1848 sit,
758 1795 958 1848 quoniam
998 1796 1041 1836 A
1081 1794 1235 1837 ibidem
1276 1794 1366 1837 iam
1406 1794 1681 1848 desideratur,
1726 1809 1884 1838 summe

395 1856 627 1898 dolendum.
697 1854 900 1906 Codicem,
943 1855 1040 1896 dum
1071 1853 1120 1895 in
1157 1853 1395 1896 Germania
1425 1855 1624 1907 exstabat,
1667 1854 1719 1896 ab
1750 1855 1790 1896 I.
1825 1855 1880 1896 F.
1907 1871 1944 1898 25

394 1914 603 1956 Boehmer
630 1914 938 1956 Hanuoveram
969 1912 1142 1955 missum
1181 1912 1233 1955 G.
1266 1912 1410 1955 Waite
1439 1913 1682 1955 adulescens
1712 1913 1885 1956 contulit

388 1987 548 2026 parum
579 1977 774 2015 accurate
783 1986 799 2025 ,·
838 1971 1010 2025 ideoque
1049 1971 1261 2014 maximas
1298 1971 1465 2025 qratias
1503 1976 1672 2014 nostras
1710 1972 1884 2014 mer-itus

394 2036 454 2075 est
494 2033 541 2074 V.
582 2030 645 2074 Ol.
687 2031 727 2074 I.
761 2031 817 2073 B.
850 2031 976 2085 Bury
1016 2030 1178 2084 colleyii
1215 2030 1443 2072 Trinitatis
1477 2030 1770 2083 Dublinensis,
1811 2030 1885 2084 qui

394 2106 475 2134 sua
505 2094 648 2145 sponte
669 2094 797 2132 totum
819 2089 972 2132 librum
995 2093 1288 2143 perscrutatus
1308 2089 1399 2141 fere
1419 2089 1646 2132 innumera
1667 2089 1882 2144 supplevit,

395 2152 468 2193 sed
498 2155 536 2192 et
565 2150 632 2193 W.
655 2149 840 2192 Levison
871 2148 1008 2191 socius
1038 2163 1101 2190 me
1123 2152 1288 2202 petente
1320 2148 1498 2191 codicem
1529 2148 1760 2201 descripsit,
1783 2162 1883 2191 non·
1907 2165 1945 2192 so

395 2210 514 2251 nulla
560 2208 816 2262 recoqnovit,
856 2211 1026 2261 partem
1064 2207 1337 2260 posteriorem
1368 2220 1503 2260 prope
1542 2206 1752 2260 integram
1791 2221 1884 2249 cum

387 2267 579 2321 playulis
610 2266 880 2321 comparavit.

537 2326 581 2368 B
603 2325 651 2378 2)
694 2324 890 2367 Primam
924 2324 1178 2368 Widukindi
1209 2323 1432 2366 editionem
1464 2323 1628 2366 curavit
1657 2324 1884 2368 Martinus

395 2385 553 2428 Frecht
598 2383 826 2438 theoloyiae
862 2383 1083 2437 professor
1123 2382 1492 2437 Heidelberyensis
1504 2383 1532 2434 8,
1580 2396 1688 2436 quae
1732 2382 1883 2427 inscri—

396 2491 431 2533 1)
462 2489 518 2531 Cf.
546 2489 750 2531 ‘Cataloyue
778 2490 819 2530 of
842 2488 1020 2521 additions
1052 2491 1087 2520 to
1121 2487 1176 2520 the
1209 2497 1291 2522 mss.
1327 2489 1366 2520 in
1400 2487 1455 2521 the
1480 2487 1623 2520 British
1646 2486 1810 2521 Museum
1843 2489 1882 2521 in
1907 2496 1944 2523 85

394 2537 450 2571 the
482 2546 590 2579 years
617 2534 880 2571 1854-1860.’
912 2536 1015 2570 1875.
1044 2545 1084 2577 p.
1109 2536 1178 2569 322
1195 2544 1270 2578 sq.,·
1305 2534 1464 2567 ‘Archiv'
1496 2534 1579 2577 VH,
1607 2545 1647 2577 p.
1673 2535 1882 2578 364-3713

397 2584 456 2618 (Ν.
482 2585 539 2617 Ar
541 2583 635 2616 chiv’
661 2582 730 2625 IV,
762 2594 799 2626 p
825 2583 906 2617 363.
938 2582 1044 2624 XIX,
1073 2592 1111 2624 p.
1138 2583 1218 2617 326.
1316 2584 1351 2620 2)
1383 2581 1467 2614 Vide
1490 2583 1661 2624 specimen
1685 2583 1884 2625 scripturae

395 2632 427 2673 I,
454 2632 508 2666 14.
535 2630 598 2665 SS.
625 2630 697 2665 III.
728 2634 863 2672 postp
900 2630 980 2664 412.
1077 2629 1114 2673 3)
1141 2629 1187 2662 In
1211 2631 1373 2671 mai-„cine
1398 2629 1572 2670 inferiore
1595 2628 1657 2670 fol.
1684 2627 1728 2663 2.
1753 2638 1882 2662 manus

394 2688 482 2711 saec.
500 2678 586 2712 XV.
611 2679 708 2721 scrip
709 2678 777 2710 sit:
803 2674 967 2710 Pertinet
992 2674 1039 2709 ad
1056 2674 1262 2720 Steynvelt;
1288 2676 1414 2709 ibidem
1436 2676 1499 2718 fol.
1517 2677 1559 2711 3:
1583 2674 1698 2709 Liber
1713 2673 1879 2710 biblioth.

395 2724 583 2759 manualis.
688 2724 726 2768 4)
756 2724 812 2765 Cf.
839 2723 998 2765 Krusch,
1024 2722 1086 2758 SS.
1113 2734 1183 2759 ruer
1209 2723 1339 2758 Merov.
1366 2723 1418 2764 H,
1440 2734 1477 2766 p.
1502 2724 1583 2758 397.
1688 2720 1724 2766 5)
1749 2721 1882 2756 Editus
1905 2731 1942 2757 40

395 2772 458 2807 SS.
484 2772 596 2814 XIII,
628 2783 663 2815 p.
689 2772 757 2806 726
776 2781 850 2814 sqq.
947 2770 985 2812 6)
1010 2770 1078 2803 Sed
1102 2780 1173 2803 non
1198 2770 1322 2813 ubique
1346 2770 1411 2803 hoc
1434 2780 1498 2803 suo
1522 2769 1640 2802 Marte
1664 2770 1796 2812 fecisse,
1821 2769 1883 2803 sed

396 2820 556 2853 ordinem
581 2821 654 2852 iam
679 2820 718 2851 in
742 2818 833 2851 libro
857 2818 1032 2860 descripto
1056 2828 1305 2861 nonnusquam
1329 2817 1468 2851 videtur
1491 2818 1662 2850 invenisse
1695 2819 1881 2859 mutatum,

396 2876 473 2899 cum
498 2868 537 2899 in
562 2865 719 2907 Frutolfi
753 2868 783 2898 et
807 2866 1021 2898 Annei-istae
1054 2865 1210 2899 Saxonis
1237 2864 1414 2898 chronicis
1444 2863 1628 2897 verborum
1661 2873 1778 2897 nemus
1810 2873 1882 2898 non

395 2913 498 2947 semel
524 2913 639 2946 eodem
672 2913 772 2946 modo
805 2912 969 2946 turbatus
1002 2913 1059 2947 sit.
1180 2912 1216 2955 7)
1249 2911 1305 2952 Cf.
1335 2922 1373 2954 p.
1399 2912 1456 2951 60,
1487 2921 1522 2946 n.
1549 2909 1573 2946 f.
1603 2921 1642 2954 p.
1670 2913 1750 2954 122,
1780 2921 1815 2947 n.
1836 2921 1879 2946 w.

394 2961 432 3004 8)
463 2960 516 3002 Cf.
544 2960 768 3002 ‘Allyemeine
794 2959 966 2993 Deutsche
990 2958 1223 3002 Bioyraphie'
1250 2958 1333 3001 VII,
1361 2969 1399 3000 p.
1426 2959 1496 2993 325
1512 2968 1584 3001 sqq.
1903 2965 1942 2991 45
