2034 3380
407 341 502 376 XVI
996 336 1301 373 PRAEFATIO.

409 461 510 501 Post
547 458 702 500 obitum
739 457 921 500 Geronis
961 457 1123 500 comitis
1154 457 1276 511 (965.
1309 456 1431 499 Maii
1463 458 1540 511 20)
1558 458 1571 482 1
1602 461 1640 499 et
1669 456 1896 500 Brunonis

408 517 713 572 archiepiscopi
762 516 877 567 (965.
933 517 1019 560 Oct.
1067 516 1137 572 11)
1154 518 1180 568 2,
1227 517 1411 569 fortasse
1456 515 1583 559 etiam
1621 515 1811 559 Bolizlai
1851 517 1892 558 I.

407 576 526 619 ducis
560 576 791 619 Boliemiae
832 573 953 625 (967.
987 577 1072 618 Iul.
1109 576 1184 626 15)
1199 577 1215 601 3
1254 580 1376 629 atque
1415 574 1590 629 reyinae
1633 574 1896 618 Mahthildis

409 635 527 689 (968.
575 636 714 678 Mart.
760 635 830 688 15)
843 635 871 688 4,
920 636 1020 677 dum
1065 635 1294 688 imperator
1340 634 1432 677 Otto
1477 648 1570 676 cum
1610 634 1704 687 filio
1750 633 1895 676 Ottone

407 695 455 737 in
496 694 632 737 Italia
671 698 911 737 moraretur
952 692 978 742 (
973 694 1071 736 inde
1108 695 1161 736 ab
1205 697 1302 735 967.
1341 693 1449 748 Oct.)
1465 694 1492 746 5,
1533 692 1741 736 tricesimo
1780 706 1895 735 anno
1919 708 1936 735 5

399 758 498 809 post
546 753 768 796 victoriam
818 754 868 796 cle
923 753 1129 807 Unyariis
1179 767 1220 795 a.
1267 756 1367 794 938.
1419 752 1470 794 in
1516 752 1711 795 Saxonia
1756 765 1894 805 repor-

407 817 538 856 tatam
551 813 567 838 ⁶
606 812 895 856 Widukindus
939 812 988 854 in
1034 811 1214 854 historia
1258 811 1482 854 scribenda
1527 814 1750 864 occupatus
1794 810 1893 862 fuit.

403 872 721 924 Wiclimannus,
755 871 805 914 de
835 871 955 914 cuius
984 871 1160 913 interitu
1188 870 1350 912 ultimis
1380 869 1587 924 capitibus
1616 868 1730 922 dicit,
1757 882 1896 911 mense

409 931 639 984 Septembri
670 946 711 973 a.
736 934 833 972 967.
867 930 1026 972 occisus
1056 933 1140 982 est,·
1171 943 1257 971 non
1285 929 1413 971 multo
1436 933 1532 982 post
1553 928 1707 971 librum
1727 927 1896 970 terti-um

406 1005 492 1033 esse
523 990 756 1032 absolutum
786 993 892 1031 recte
922 992 1103 1030 statuere
1134 987 1260 1030 nobis
1284 987 1488 1029 videmur.
1557 987 1662 1030 Cum
1697 987 1893 1040 locorum,
1920 1002 1955 1027 ιο

401 1063 507 1103 vquos
546 1047 973 1100 commemoravimus,
1021 1046 1219 1089 nonnulli
1264 1050 1339 1088 aut
1377 1045 1596 1088 retractati
1633 1049 1709 1087 aut
1745 1044 1896 1087 inserti

406 1122 491 1150 esse
536 1106 721 1160 possint,
775 1106 928 1149 certius
973 1107 1054 1148 hae
1099 1107 1148 1148 de
1194 1119 1240 1147 re
1285 1105 1479 1147 nolumus
1523 1104 1777 1158 affirmare;
1821 1103 1896 1147 hoe

407 1171 514 1210 certo
554 1166 719 1209 videtur
749 1180 834 1208 esse
873 1166 1139 1208 statuendum
1179 1163 1398 1218 scripsisse
1431 1163 1741 1207 Widukindum
1780 1176 1896 1205 anno

405 1226 495 1278 fere
527 1229 626 1267 968.

555 1284 699 1327 Ottone
729 1297 825 1326 vero
846 1284 1013 1338 Mayno
1043 1283 1295 1337 imperatore
1324 1286 1499 1335 mortuo,
1523 1295 1669 1335 pauca
1692 1280 1896 1323 historiae
1920 1295 1955 1321 ιτ»

408 1344 635 1387 adicienda
666 1357 752 1386 esse
782 1342 999 1386 iudicavit.
1064 1340 1345 1396 Imperatoris
1384 1340 1560 1395 epistola
1600 1339 1746 1395 (968),
1788 1339 1896 1382 bella

408 1407 555 1446 eontra
591 1402 776 1445 Graecos
804 1406 920 1456 qesta
954 1399 1097 1456 (969),
1135 1400 1308 1455 nuptiae
1344 1399 1506 1443 Ottonis
1544 1398 1718 1442 secundi
1750 1396 1894 1453 (972),

407 1462 542 1505 obitus
581 1461 841 1504 Mahtliildis
886 1460 1079 1515 reyinae,
1126 1459 1343 1504 Willielmi
1391 1463 1431 1502 et
1467 1457 1721 1501 Bernhardi
1757 1456 1895 1511 ponti-

405 1524 533 1574 ficum
577 1517 718 1575 (968),
766 1520 1013 1563 Hermanni
1052 1519 1183 1572 ducis,
1229 1518 1366 1572 ipsi-us
1405 1517 1582 1572 denique
1626 1515 1895 1571 imperatoris

409 1581 477 1633 (97
486 1580 528 1633 3)
580 1579 648 1622 liic
699 1580 956 1632 referuntur.
1039 1579 1098 1621 In
1135 1577 1350 1632 plerisque
1396 1576 1606 1620 codicibus·
1650 1576 1752 1619 haee
1801 1589 1893 1618 cum
1918 1590 1955 1620 20

399 1639 620 1694 prioribus
651 1638 884 1682 arctissime
915 1637 1140 1681 coniuncta
1170 1638 1377 1691 leyuntur,
1409 1636 1497 1678 iam
1534 1634 1806 1678 Thietmarus
1835 1633 1894 1676 iis

404 1713 508 1742 usus
546 1702 617 1751 est,
652 1697 900 1752 Siyebertus,
933 1697 1172 1750 Frutolfus,
1214 1695 1451 1739 Annalista
1484 1695 1599 1738 Saxo
1638 1695 1782 1737 eadem
1820 1693 1892 1736 ad-

406 1758 657 1810 Iiib‘uerunt7·
706 1757 877 1811 ideoque
926 1756 1032 1810 quin
1076 1756 1202 1798 etiam
1252 1754 1352 1798 haec
1397 1756 1450 1797 ab
1494 1753 1586 1807 ipso
1630 1752 1892 1796 Widukindo

406 1817 555 1859 addita
585 1816 682 1868 sint,
723 1815 895 1858 minime
926 1815 1080 1868 dubito,
1113 1813 1367 1868 praesertim
1399 1827 1491 1856 cum
1529 1811 1680 1866 ubique
1717 1811 1892 1854 eandem

408 1875 574 1918 dicendi
605 1875 812 1917 rationem
844 1874 1147 1928 deprehendere
1177 1873 1284 1915 mihi
1314 1872 1462 1914 videar
1476 1872 1502 1912 ⁷.
1571 1872 1756 1925 Quorum
1785 1883 1892 1923 quae
1916 1883 1952 1910 πο

406 1937 465 1977 ad
493 1934 633 1977 Vitam
653 1933 913 1975 Makthildis
935 1947 1069 1986 prope
1099 1933 1291 1975 accedere
1321 1931 1528 1983 videntur,
1557 1944 1608 1972 ea·
1638 1943 1689 1972 ea
1718 1943 1764 1971 re
1791 1941 1893 1970 vera

406 1995 559 2036 hausta
604 2007 690 2035 esse
734 1993 850 2035 nullo
895 1994 1015 2035 modo
1060 1991 1334 2034 concedimus.
1405 1990 1561 2032 Procul
1601 1988 1726 2031 dubio
1756 1987 1893 2043 paulo

398 2057 495 2107 post
532 2051 695 2094 Ottonis
734 2055 904 2093 mortem
936 2052 1037 2093 haec
1068 2050 1227 2104 scripta
1256 2053 1366 2101 sunt,
1408 2050 1460 2091 ab
1499 2048 1591 2102 ipso
1631 2045 1892 2091 Wiolukinolo

407 2205 443 2247 1)
483 2204 537 2245 Cf.
573 2203 648 2245 ΙΙΙ,
674 2205 740 2239 54;
774 2201 927 2236 Erant
961 2201 1094 2246 quippe
1126 2200 1165 2235 in
1195 2199 1342 2235 Gerone
1376 2199 1513 2233 multae
1546 2200 1641 2232 artes
1675 2225 1683 2233 .
1720 2225 1728 2232 .
1763 2225 1772 2232 .
1809 2224 1816 2232 .
1850 2198 1892 2231 ut

407 2254 512 2285 erat
550 2249 661 2284 animi
698 2248 950 2284 ardentissimi.
1094 2249 1131 2292 2)
1167 2248 1200 2290 I,
1226 2249 1287 2283 31:
1327 2257 1435 2290 quem
1469 2243 1652 2290 pontificis
1685 2242 1816 2277 summi
1849 2253 1892 2278 ac
1916 2251 1952 2277 30

408 2297 509 2331 ducis
534 2297 658 2341 magni
683 2296 892 2331 vidimus
918 2294 1080 2329 officium
1104 2297 1303 2339 gerentem.
1355 2292 1408 2335 Cf.
1439 2293 1492 2334 II,
1518 2294 1574 2327 36.
1695 2291 1732 2336 3)
1766 2291 1799 2334 I,
1823 2292 1890 2326 35:

406 2344 468 2388 qui
506 2343 730 2387 quamdiu
769 2342 896 2376 vixit
933 2341 1145 2386 imperatori
1178 2340 1295 2375 fidelis
1329 2342 1366 2374 et
1402 2339 1502 2373 utilis
1538 2337 1681 2374 mansit.
1743 2337 1812 2371 Sed
1845 2338 1892 2380 cf.

401 2403 438 2436 p.
465 2392 523 2434 43,
556 2402 591 2426 n.
621 2393 674 2426 11.
794 2391 830 2434 4)
865 2390 897 2432 Ι,
922 2392 988 2425 31:
1022 2388 1138 2423 Erat
1172 2398 1329 2432 namque
1362 2387 1441 2430 ipsa
1475 2385 1623 2420 domina
1654 2385 1782 2430 regina.
1815 2383 1891 2419 filia

406 2438 590 2473 Thiadrici
628 2442 685 2473 etc.
830 2438 867 2478 5)
906 2436 981 2478 ΙΙΙ,
1017 2438 1083 2472 63:
1120 2447 1230 2479 quam
1267 2434 1518 2477 (Mahthildim
1551 2434 1743 2476 iuniorem)
1778 2431 1893 2477 patris

407 2484 677 2528 fratrisque
717 2483 891 2519 celsitudo
932 2483 1073 2527 patriae
1115 2482 1160 2517 ad
1208 2493 1353 2516 omnem
1399 2481 1577 2515 honorem
1622 2479 1799 2524 nobisque
1845 2477 1893 2513 ad
1917 2484 1951 2511 ³5

407 2532 575 2567 solatium
599 2531 818 2576 reliquit.
844 2552 890 2555 —
918 2531 1016 2572 Quod
1039 2531 1158 2564 Raase
1186 2541 1224 2573 p.
1252 2531 1307 2565 20.
1333 2531 1466 2563 censuit
1490 2528 1595 2562 verba
1619 2528 1659 2561 de
1686 2527 1805 2561 Ottone
1828 2525 1876 2560 II
1879 2537 1893 2560 .·

407 2591 514 2624 quem
549 2579 621 2612 iam
654 2582 738 2623 post
768 2580 911 2623 patrem
948 2578 1135 2611 dominum
1175 2588 1216 2611 ac
1254 2577 1510 2621 imperatorem
1547 2574 1735 2609 universus
1770 2574 1894 2618 sperat

407 2627 504 2661 orbis
545 2626 640 2669 (III,
681 2628 742 2667 12)
782 2626 890 2660 scribi
929 2636 998 2659 non
1033 2627 1192 2668 potuisse
1231 2626 1306 2658 nisi
1337 2625 1557 2667 priusquam
1596 2622 1655 2655 ille
1696 2623 1893 2664 imperator

406 2676 526 2716 faetus
561 2677 662 2715 esset,
700 2676 723 2709 i.
759 2684 785 2708 e.
823 2677 903 2706 ante
940 2684 973 2708 a.
1009 2674 1088 2708 967.
1123 2673 1203 2707 Dec.
1241 2673 1285 2707 25
1293 2697 1303 2714 ‚
1340 2672 1414 2704 iam
1449 2670 1583 2703 dudum
1615 2667 1893 2713 praedamnavit

406 2721 714 2764 Maurenbrecher,
755 2721 860 2756 ‘Hist.
902 2720 1084 2754 Zettsehr.'
1126 2719 1284 2762 XVIII,
1326 2730 1364 2762 p.
1402 2719 1482 2753 436.
1645 2714 1680 2760 6)
1730 2714 1792 2756 ΙΙ,
1834 2714 1890 2749 14.
1915 2720 1952 2745 40

409 2769 443 2814 7)
472 2768 525 2810 C'f.
552 2779 640 2812 quae
665 2769 836 2802 annotavi
857 2779 895 2810 p.
924 2769 1003 2810 122,
1027 2778 1063 2801 n.
1090 2770 1122 2801 3.
1150 2769 1181 2802 5.
1212 2777 1251 2809 p,
1280 2767 1358 2808 123,
1384 2776 1419 2800 n.
1447 2766 1477 2799 1.
1503 2765 1536 2798 3.
1562 2765 1594 2798 4.
1627 2774 1662 2807 p.
1691 2763 1770 2803 124,
1795 2771 1830 2796 n.
1855 2761 1890 2796 2.

403 2828 439 2860 p.
468 2818 547 2858 127,
581 2827 616 2850 n.
643 2818 674 2851 1.
700 2816 804 2851 4-6.
840 2835 885 2839 —
926 2814 1144 2847 Tritlzemius
1176 2813 1314 2857 quidem
1348 2812 1479 2846 Chron.
1513 2809 1689 2852 Htrsauy.
1718 2809 1891 2852 praefatq

409 2863 524 2906 Opera
549 2863 603 2906 II,
633 2874 671 2907 p.
698 2865 730 2905 2,
762 2862 974 2895 Wtolulcz‘ndi
997 2862 1185 2894 historiam
1212 2861 1256 2893 ab
1281 2860 1355 2893 alio
1388 2859 1554 2902 quopiam
1587 2856 1789 2899 completam
1821 2864 1892 2889 esse

406 2911 578 2945 contendit
588 2921 603 2951 ,·
629 2911 689 2943 sed
713 2910 775 2943 hoc
799 2910 936 2942 nullius
960 2912 1008 2942 est
1034 2909 1206 2944 momenti.
