2034 3380
407 336 591 373 RERUM
617 334 899 372 GESTARUM
922 332 1298 369 SAXONICARUM
1321 332 1419 369 LIB.
1444 331 1519 369 ΠΙ.
1662 333 1710 368 89

217 461 372 515 posset
402 473 496 500 una
526 459 713 514 potione
743 457 942 499 telorum
975 455 1303 497 saxonicorum
1345 456 1520 508 septem
1561 453 1709 495 obsor-
1724 457 1806 493 946.

219 519 372 561 berea.
429 518 504 559 Ad
536 517 658 572 quod
689 530 769 558 rex
798 516 1028 557 famosum
1060 513 1172 555 satis
1203 507 1385 555 redditb
1416 525 1707 567 responsum:

159 1029 194 1054 10

158 1316 193 1341 15

218 578 306 620 sibi
336 591 444 620 vero
474 577 602 619 fore⁰
632 577 812 617 tantam
845 573 1192 615 multitudinem

466 656 512 691 A.
537 656 618 690 Β1.
644 656 678 690 2.

218 718 462 774 pilleorum
543 712 879 759 foeninorumd·
898 715 926 766 ¹,

218 791 330 832 quos
347 777 389 819 ei
410 776 664 832 presentari
679 777 926 830 oporteret,

218 838 439 891 quantam
465 849 549 877 nec
570 835 669 889 ipse
691 848 775 876 nec
791 836 929 916 ¹pater

219 909 326 936 suus
348 893 591 949 umquame
613 893 781 935 viderit
817 926 826 935 .
869 893 929 933 Et

217 968 387 1005 revera,
432 968 533 995 cum
574 955 694 995 esset
735 965 928 1006 magnus

218 1013 352 1054 valde
415 1013 642 1054 exercitus
663 1012 689 1062 ²,
752 1011 926 1052 XXXg

219 1072 396 1114 scilicet
429 1072 622 1113 duarum
651 1070 887 1125 legionum
898 1069 926 1120 3,

222 1126 375 1185 [fereh]
434 1144 527 1172 non
580 1132 649 1172 est
700 1130 927 1179 inventus,

218 1191 297 1244 qui
342 1189 530 1231 foenino
577 1202 670 1230 non
720 1190 931 1230 uteretur

219 1248 372 1303 pilleo,

503 1304 536 1337 B
552 1305 583 1339 1.
610 1305 643 1339 2.

218 1365 338 1407 nisi4
382 1361 623 1408 Gorbeiusi
670 1365 812 1406 abbas
854 1378 929 1406 no-

219 1421 371 1467 minek
426 1425 552 1466 Bovo
614 1438 718 1466 cum
779 1423 928 1465 tribus

219 1479 341 1525 suis¹
411 1483 695 1538 sequacibus.
795 1478 926 1524 Hick

222 1546 320 1584 erat
350 1543 420 1584 vir
451 1542 632 1597 sapiens
670 1556 723 1583 ac
764 1542 927 1591 clarus,

1341 650 1378 685 0.

1001 714 1245 770 pilleorum
1297 726 1352 755 ex
1402 712 1564 754 culmis
1612 725 1711 752 con-

1000 775 1234 815 textorum
1249 771 1275 823 ¹,
1309 785 1422 826 quos
1455 771 1497 813 ei
1533 784 1711 825 presen-

1000 832 1091 874 tari
1113 833 1361 887 oporteret,
1386 832 1605 884 quantam
1626 843 1711 871 nec

1001 892 1098 947 ipse
1150 904 1234 933 nec
1282 892 1413 945 pater
1458 902 1567 930 suus
1618 902 1712 929 um-

1002 965 1138 1005 quam
1170 950 1351 991 viderit.
1414 948 1475 989 Et
1507 961 1557 989 re
1588 961 1709 997 vera,

1003 1024 1106 1052 cum
1159 1010 1278 1051 esset
1334 1020 1527 1062 magnus
1577 1006 1712 1048 valde

1003 1068 1252 1117 exercitus,
1329 1066 1468 1108 XXX
1537 1065 1714 1107 scilicet

1003 1128 1199 1169 duarum
1230 1126 1478 1181 legionum,
1517 1139 1610 1166 non
1643 1127 1713 1166 est

1001 1187 1230 1235 inventus,
1276 1185 1355 1239 qui
1395 1183 1713 1225 huiuscemodi

1002 1259 1095 1287 non
1159 1245 1370 1286 uteretur
1429 1244 1710 1296 tegumento,

1002 1304 1092 1345 nisi
1151 1303 1410 1344 rarissimus
1477 1301 1668 1355 quisque
1683 1300 1711 1340 ⁵.

1003 1362 1195 1405 Certus6
1216 1364 1370 1403 autem
1388 1361 1541 1402 factus
1565 1361 1620 1402 de
1640 1360 1713 1401 ad-

1002 1424 1145 1464 ventu
1176 1421 1297 1476 regis
1329 1420 1514 1474 Huga“¹‚
1547 1420 1713 1460 timore

1003 1495 1182 1536 quoque
1214 1479 1498 1536 perterritus,
1539 1478 1714 1520 dimisit

1002 1540 1361 1582 Luthuvicumm.

160 1650 195 1675 20
221 1646 250 1679 a)
269 1646 428 1671 absorbere
446 1645 508 1673 132.
527 1645 617 1670 Saxo.
697 1644 728 1677 b)
746 1645 787 1669 sic
805 1646 840 1672 A.
859 1645 920 1671 ΒΞ.
940 1644 978 1675 Ο,-
997 1642 1131 1669 reddidit
1150 1643 1210 1670 Bl.
1228 1643 1311 1669 Frue.
1330 1642 1421 1669 Saxo.
1453 1642 1497 1672 Cf.
1517 1648 1610 1673 supra
1623 1648 1656 1671 p.
1668 1640 1714 1670 88,

221 1689 250 1707 n.
276 1689 302 1709 s.
392 1683 419 1711 c)
444 1688 510 1706 esse
534 1681 599 1708 132.
698 1679 729 1712 d)
754 1680 949 1705 femineorum
969 1680 1058 1711 Saxo,
1082 1681 1107 1703 et
1126 1679 1169 1702 ita
1188 1680 1266 1709 post,
1356 1679 1383 1708 e)
1407 1684 1547 1707 umquam
1575 1683 1630 1703 om.
1651 1676 1676 1700 B
1690 1676 1713 1702 1.

220 1717 246 1748 f)
263 1715 383 1742 uideret
400 1716 465 1742 32.
482 1716 568 1741 Frue.
623 1717 652 1747 g)
670 1716 711 1740 sic
724 1716 760 1742 A.
772 1715 832 1742 Β1.
846 1716 928 1742 Frut.
943 1715 1039 1745 Sua-o,-
1062 1714 1183 1745 triginta
1202 1714 1265 1738 132.
1321 1712 1353 1744 h)
1371 1713 1434 1737 fere
1448 1712 1569 1744 praebet
1587 1712 1664 1736 solus
1677 1711 1714 1742 A,

222 1753 271 1777 ubi
289 1759 358 1777 mox
378 1752 464 1776 verba
483 1752 540 1777 nisi
559 1751 702 1777 Corbeius
722 1751 814 1776 abbas
832 1764 868 1769 -—-
887 1751 1026 1782 martyris
1040 1750 1102 1775 Viti
1120 1750 1162 1781 (p.
1175 1749 1220 1781 90,
1240 1749 1259 1776 l.
1273 1749 1321 1780 21)
1339 1748 1464 1772 sublata.
1551 1746 1574 1779 i)
1592 1747 1633 1771 eie
1651 1746 1679 1771 h.
1695 1747 1714 1773 l.

222 1788 308 1813 etiam
327 1788 390 1819 ΒΞ,
415 1787 453 1818 cf.
473 1794 565 1819 supra
579 1795 611 1818 p.
625 1788 650 1818 1,
671 1794 699 1814 n.
719 1793 736 1811 e
761 1789 787 1811 et
811 1786 895 1817 infra
914 1794 947 1818 p.
959 1786 1004 1816 90,
1025 1793 1052 1812 n.
1065 1786 1086 1812 f.
1172 1784 1204 1817 k)
1228 1784 1346 1809 nomine
1364 1784 1446 1808 Bovo
1466 1785 1491 1807 et
1509 1783 1566 1808 Hic
1590 1785 1656 1807 erat
1679 1795 1714 1800 —

162 1826 196 1851 25
221 1823 362 1856 martyris
377 1823 439 1848 Viti
457 1823 516 1850 des.
533 1823 626 1854 Frut„
646 1822 684 1853 cf.
706 1822 786 1847 Saxo
805 1829 840 1853 p.
858 1822 921 1848 606.
938 1821 1002 1847 607.
1075 1819 1097 1853 l)
1115 1827 1176 1851 seq.
1195 1820 1255 1846 suis
1275 1819 1337 1846 131.
1410 1819 1451 1852 m)
1469 1819 1510 1843 sic
1528 1818 1555 1845 h.
1575 1818 1593 1845 l.
1614 1818 1644 1845 C.

223 1895 259 1937 1)
295 1893 495 1927 Subicimus
519 1893 576 1926 hic
603 1893 829 1936 potissimum
855 1891 1026 1925 Ratherii
1049 1890 1261 1924 Veronensis
1290 1890 1446 1932 episcopi
1476 1889 1586 1922 locum
1620 1889 1715 1931 [iam

222 1951 246 1974 a
270 1941 379 1975 Beato
399 1940 585 1983 Rhmano,
612 1940 696 1975 Rer.
724 1939 971 1973 Germana-ar.
996 1938 1019 1972 l.
1040 1938 1094 1979 II,
1116 1949 1155 1981 p.
1176 1939 1256 1978 181,
1281 1936 1465 1979 allatum]‚
1491 1936 1583 1969 unde
1601 1935 1717 1979 pileos

221 1989 395 2021 stramine
417 1987 590 2029 confectos
612 1987 818 2020 Samonilms
836 1987 1010 2030 proprios
1033 1986 1148 2027 fuisse
1171 1987 1306 2018 constat
1315 1994 1331 2025 ,⁰
1365 1984 1539 2026 eoescripsi
1560 1993 1639 2016 eum
1673 1993 1717 2016 ex

222 2036 335 2069 codice
354 2036 453 2077 reyio
470 2035 676 2068 Monacensi
693 2043 782 2068 saec.
799 2034 846 2069 X.
869 2034 931 2074 fol.
947 2034 968 2068 7
987 2033 1183 2076 [Inveetiva
1199 2032 1240 2065 de
1259 2031 1444 2066 Translat.
1462 2031 1497 2065 S.
1515 2030 1691 2063 Macronis
1699 2040 1717 2070 ,-

164 2094 198 2119 30
225 2082 326 2126 Oper.
361 2082 436 2117 edd.
473 2081 654 2114 Ballerz'ni
687 2081 749 2116 col.
783 2081 853 2116 309
874 2080 972 2123 qu:
1009 2078 1163 2113 Sanctus
1199 2078 1267 2112 iste
1303 2077 1402 2111 nuda
1435 2075 1644 2111 seminudus
1679 2080 1716 2110 et

222 2127 492 2172 inequalissima
524 2127 759 2162 volutabatur
792 2126 920 2161 diebus
955 2137 996 2160 ac
1029 2125 1195 2160 noctibus
1227 2135 1294 2169 per
1328 2123 1559 2168 septennium
1591 2122 1715 2159 humo.

222 2175 300 2210 Nos
324 2174 509 2210 criminosi
524 2175 670 2209 veniam
694 2174 869 2219 rogaturi,
894 2173 1046 2217 pilleum
1063 2172 1231 2207 villosum
1249 2171 1399 2216 capillis,
1417 2181 1505 2215 quos
1524 2169 1715 2204 extrahere

223 2222 382 2268 lugendo
408 2222 661 2264 debueramus,
686 2232 732 2255 ne
757 2220 1025 2266 infrigidemur,
1051 2218 1377 2264 superinducimus,
1403 2218 1479 2252 eius
1504 2217 1636 2261 cuphia
1652 2217 1715 2251 nix

222 2269 362 2315 grando
387 2272 425 2304 et
450 2281 538 2304 aura
563 2271 641 2304 erat
664 2267 864 2304 imbrifera.
913 2266 1092 2302 Hiemalis
1117 2267 1204 2301 satis
1227 2266 1330 2311 rigor
1354 2264 1618 2308 incommodus,
1653 2265 1715 2308 qui

164 2328 198 2354 35
222 2317 362 2352 lavaret
386 2316 512 2362 utique
538 2316 635 2361 quod
660 2316 891 2350 commiserat
924 2315 1049 2350 scelus.
1107 2313 1180 2348 Pro
1215 2313 1338 2358 pilleo,
1372 2323 1481 2356 quem
1515 2312 1627 2346 moris
1662 2314 1717 2346 est

222 2364 361 2399 incesta
385 2365 495 2399 etiam
523 2363 755 2409 generalitati
789 2362 940 2397 adversa
963 2362 1022 2397 vel
1056 2360 1216 2395 eiusdem
1251 2359 1490 2395 estimationis
1524 2358 1717 2393 innumera

222 2412 448 2457 plangentes,
474 2410 656 2456 pelliculis
681 2410 832 2445 exoticis
858 2410 955 2443 intus
981 2408 1124 2452 farcire,
1141 2407 1299 2443 brumali
1317 2409 1427 2452 caput
1447 2406 1559 2451 ipsius
1576 2405 1715 2450 operie-

222 2458 332 2493 batur
355 2458 538 2503 lanugine.
579 2457 774 2502 Stipularis
798 2457 864 2491 illa
887 2457 979 2491 ritus
996 2455 1167 2491 Saxonici
1193 2466 1338 2490 camera
1362 2465 1471 2498 quam
1496 2453 1623 2488 vertici
1647 2463 1715 2497 pro

223 2504 373 2540 vitando
410 2505 494 2539 solis
529 2504 723 2549 imponunt
758 2503 908 2548 ardore,
949 2502 1119 2538 Phoebus
1156 2502 1209 2537 illi
1247 2504 1324 2537 erat
1361 2501 1591 2536 flamivomus
1627 2500 1714 2545 ipse,

162 2564 199 2588 40
223 2552 405 2588 PERTZ.
454 2553 510 2594 Cf.
532 2552 650 2595 Voqel,
675 2552 892 2585 ‘Rama-iud
912 2551 944 2594 I,
967 2562 1008 2594 p.
1028 2552 1110 2586 260.
1159 2550 1305 2584 Talibus
1328 2550 1535 2592 tegumentis
1555 2548 1717 2582 Saxones

224 2601 330 2634 etiam
378 2601 418 2633 in
463 2600 617 2643 picturis
665 2599 805 2642 Speculo·
850 2599 1038 2632 Santonum
1085 2598 1178 2641 quod
1224 2597 1357 2630 dicitur
1404 2597 1571 2638 insiqniti
1620 2598 1714 2629 sunt.

223 2648 261 2690 2)
302 2649 332 2683 1.
363 2646 483 2682 Mach.
519 2648 552 2688 6,
577 2647 645 2681 41:
680 2647 759 2679 erat
792 2645 890 2679 enim
924 2644 1104 2679 exercitus
1138 2655 1292 2688 magnus
1325 2642 1442 2678 valde.
1587 2641 1623 2686 3)
1661 2641 1715 2683 Cf.

224 2694 352 2738 Ko‘pke
382 2705 422 2737 p.
458 2695 529 2730 104
551 2703 629 2737 sq.,·
667 2692 802 2735 Lauer,
840 2692 903 2726 ‘Le
937 2691 1044 2735 reyne
1079 2693 1120 2726 de
1156 2691 1270 2725 Leuis
1305 2690 1386 2725 IV!
1417 2701 1458 2732 p.
1491 2690 1577 2731 145,
1614 2699 1651 2721 n.
1681 2690 1714 2723 4.

224 2742 261 2785 4)
298 2741 486 2785 Sequentia
518 2741 622 2775 verba
655 2739 725 2773 nisi
760 2738 934 2773 Gorbeius
966 2759 1014 2764 —
1047 2737 1217 2782 martyris
1242 2736 1322 2772 Viti
1355 2738 1470 2781 {pastus
1503 2735 1719 2769 Widulcindi

165 2798 201 2823 45
224 2798 295 2822 me
314 2789 356 2823 de
376 2789 529 2831 Simeon,
552 2786 609 2823 ‘N.
626 2787 773 2821 Archiv’
789 2786 877 2830 XV,
898 2797 938 2830 p.
956 2788 1038 2829 572,
1061 2786 1143 2819 stilo
1166 2787 1371 2828 comparato
1395 2784 1502 2818 evicit.
1599 2782 1636 2826 5)
1660 2783 1715 2825 Cf.

225 2845 339 2879 8upra
357 2847 397 2879 p.
416 2837 472 2879 12,
496 2836 519 2871 l.
535 2836 583 2871 26
599 2845 673 2878 sq.:
697 2836 796 2868 certe
820 2832 1042 2877 rarissimus3
1066 2844 1102 2877 p.
1119 2833 1177 2874 46,
1203 2832 1225 2867 l.
1244 2833 1286 2867 6:
1313 2830 1477 2875 equitum
1500 2828 1716 2873 rarissimus,

225 2885 256 2916 et
279 2882 333 2915 ita
356 2884 509 2926 saepius.
629 2881 666 2926 6)
692 2882 790 2915 Haeo
813 2881 859 2914 ab
883 2883 1024 2914 auctore
1049 2883 1131 2923 post
1155 2881 1290 2913 inserta
1314 2888 1385 2912 esse
1408 2878 1513 2911 verba
1536 2878 1716 2921 sequentia

225 2929 388 2962 indicare
407 2929 581 2965 videntur.
623 2929 698 2962 Via:
718 2930 823 2971 enim,
844 2938 923 2962 cum
945 2928 1076 2961 librum
1098 2926 1275 2960 conderet:
1298 2924 1434 2959 dimisit
1455 2923 1715 2959 Luthuvicum.

226 2974 404 3009 Dimissus
426 2975 539 3020 igitur
562 2975 818 3010 Hluthowicus
842 2976 1049 3018 scripsisset.
