2034 3380
319 329 419 366 VIII
910 324 1214 363 PRAEFATIO.

318 449 408 491 iam
438 462 466 489 a
488 448 675 500 parvula
706 451 841 490 aetate
875 446 1145 490 contubernio
1184 446 1575 489 sanctimonialium
1612 447 1806 500 Quecllin-

320 505 517 559 buryensi
567 505 750 548 traditae
766 506 793 559 1,
863 505 1125 548 C'orbeiensis
1183 506 1413 548 monachus
1473 506 1689 548 habendus
1747 510 1808 548 est

319 565 545 619 mayister;
576 578 627 607 ea:
649 564 996 618 praefationibus
1025 565 1110 618 ipsi
1148 564 1370 618 inscriptis
1408 564 1715 608 Widulcindum
1756 578 1810 607 ea>

320 623 558 677 lonqinquo,
591 628 638 666 ut
666 623 730 666 ita
761 623 962 677 dicamus,
1002 638 1095 666 eam
1125 628 1366 666 veneratum
1406 638 1492 666 esse
1532 628 1570 666 et
1610 623 1808 666 laudibus

320 682 515 725 eoetulisse
536 682 681 737 potius
712 682 1048 725 concluserimus.
1113 682 1239 725 Nihil
1262 687 1487 736 praeterea
1518 685 1567 726 de
1598 683 1688 725 eius
1718 682 1807 725 vita

319 746 499 794 constat,
547 741 657 784 nihil
693 743 748 784 de
788 756 831 784 se
870 741 962 795 ipso
1009 742 1255 794 annotavit:
1301 742 1421 784 nulla
1458 746 1687 795 parentum
1733 746 1808 784 aut

311 800 481 854 primae
512 801 601 842 eius
624 800 852 854 pueritiae,
884 801 1005 843 nulla
1035 800 1222 854 reqionis
1252 805 1327 842 aut
1347 801 1436 854 loci,
1469 801 1580 843 umle
1601 800 1808 855 oriyi-nem

319 859 505 912 duoeerit,
553 859 626 902 ubi
660 859 829 913 priores
867 859 978 902 vitae
1017 873 1154 902 annos
1194 859 1340 914 eyerit,
1388 859 1629 903 accuratior
1673 864 1809 902 exstat

319 918 526 972 coynitio;
557 933 609 961 ne
639 918 787 960 mortis
816 917 983 972 quidem
1014 933 1176 961 annwm
1207 922 1457 972 compertum
1486 919 1685 961 habemus
1698 920 1725 961 2.

462 988 723 1031 Memoriam
753 988 844 1031 eius
874 1002 981 1042 quae
1011 988 1183 1042 scripsit
1212 1002 1339 1042 opera
1355 989 1539 1042 posteris
1558 993 1808 1042 servarunt,·

318 1048 527 1090 nonnulla
573 1052 710 1090 autem
753 1048 987 1101 perierunt.
1073 1047 1330 1101 Siyebertus,
1383 1047 1457 1101 qui
1506 1047 1556 1090 in
1607 1047 1708 1090 libri
1759 1048 1809 1090 de

319 1106 594 1160 scriptoribus
644 1106 933 1149 ecclesiasticis
990 1121 1023 1149 c.
1081 1110 1176 1148 129.
1236 1108 1285 1149 de
1335 1106 1598 1150 Widukindo
1654 1106 1810 1159 refert:

321 1166 525 1221 Scripsit,
574 1165 724 1218 inquit,
768 1167 1007 1208 historiam
1049 1166 1279 1208 Saxonum
1319 1180 1462 1221 usque
1510 1167 1568 1208 ad
1615 1168 1806 1209 mortem

320 1225 456 1280 primi
479 1224 674 1267 Othonis
706 1225 1009 1280 imperatoris,
1033 1228 1080 1268 et
1102 1226 1158 1267 ad
1181 1225 1423 1268 Matildam
1447 1226 1589 1267 filiam
1612 1225 1808 1268 Othonis

319 1285 607 1339 imperatoris
650 1284 833 1339 scripsit
873 1285 1014 1326 vitam
1056 1285 1199 1339 ipsius
1239 1285 1542 1339 imperatoris.
1616 1284 1808 1339 Scripsit

319 1343 508 1385 metrice
540 1344 795 1398 passionem
818 1344 1015 1386 Theclae
1038 1344 1240 1399 virginis,
1275 1346 1322 1385 et
1342 1344 1482 1386 vitam
1507 1344 1642 1385 Pauli
1673 1343 1809 1398 primi

321 1402 538 1444 eremitae
570 1402 748 1444 alterno
781 1402 900 1458 stylo
933 1403 1115 1457 scripsit
1129 1403 1157 1443 3.
1211 1402 1302 1444 Illa
1333 1402 1481 1455 repetit
1500 1401 1550 1444 in
1570 1401 1765 1444 chronico
1778 1402 1806 1454 4,

319 1464 441 1513 atque
472 1460 581 1503 idem
611 1461 701 1513 fere
731 1460 841 1502 dioeit
870 1461 1105 1503 Annalista
1138 1462 1254 1503 Saxo
1268 1461 1295 1502 ⁵.
1364 1462 1479 1514 Quae
1511 1462 1561 1503 de
1592 1461 1731 1503 Paulo
1771 1464 1810 1502 et

322 1600 356 1644 1)
382 1600 464 1633 Vita
480 1600 696 1634 Mahthildis
720 1605 796 1636 ant.
819 1612 846 1636 c.
868 1603 924 1642 10,
951 1601 1014 1636 SS.
1036 1601 1085 1643 X,
1109 1612 1145 1644 p.
1166 1602 1253 1644 5783
1280 1601 1374 1636 Ann.
1395 1600 1647 1642 Quedlinbuo-y.
1674 1611 1708 1634 a.
1727 1602 1808 1643 999,

321 1647 383 1682 SS.
410 1647 483 1690 III,
513 1658 553 1690 p.
577 1649 632 1683 75.
730 1649 766 1691 2)
794 1647 897 1681 Nihil
915 1658 1107 1691 possumus
1131 1651 1293 1689 statuere,
1320 1649 1395 1681 nisi
1420 1648 1554 1682 Ottom‘s
1578 1647 1709 1690 Maqni
1730 1658 1809 1682 eum

319 1696 539 1738 superstitem
563 1695 687 1737 fuisse,
714 1696 815 1728 cuius
839 1706 862 1728 a
886 1698 998 1729 morte
1021 1695 1114 1728 libro
1139 1696 1242 1729 tertio
1274 1695 1379 1737 finem
1412 1696 1630 1738 imposuerit.
1663 1715 1711 1720 ——
1744 1695 1809 1728 In-

319 1742 500 1775 credibilia
525 1743 653 1775 iterum
677 1746 771 1784 sunt,
806 1753 1038 1786 quaecumque
1069 1743 1142 1776 soli
1171 1744 1235 1776 isti
1256 1743 1415 1776 Annales
1441 1742 1660 1776 corbeienses
1693 1752 1808 1776 recen-

320 1791 435 1831 tiores,
460 1788 632 1822 Leibnitii
654 1789 717 1824 SS.
743 1790 928 1824 Brunsvic.
955 1790 1008 1832 II,
1037 1800 1076 1832 p.
1102 1791 1183 1832 302,
1210 1790 1443 1823 alucinantur
1467 1800 1500 1824 a.
1529 1791 1640 1825 1004:
1675 1787 1809 1823 Monu-

1834 1003 1868 1028 10

1835 1297 1869 1323 15

1833 1657 1869 1683 20

320 1838 484 1870 mentum
510 1836 626 1870 erexit
641 1835 875 1870 Witechindo
900 1839 1023 1870 nostro
1049 1836 1219 1870 historico
1238 1835 1357 1870 Hosat
1381 1836 1486 1880 abba,
1513 1846 1618 1879 quem
1643 1835 1745 1880 pium
1771 1839 1809 1870 et
1848 1845 1853 1851 ·

320 1881 470 1917 doctum
495 1882 639 1917 scholae
663 1882 880 1927 magistrum
904 1886 1012 1917 vocat
1037 1886 1073 1917 et
1098 1883 1320 1926 historicum,
1357 1883 1467 1917 etiam
1491 1883 1570 1928 regi
1595 1885 1632 1917 et
1660 1883 1807 1928 reginae

321 1929 504 1965 dilectum.
556 1931 610 1972 Of.
642 1930 767 1975 Kb‘plce
794 1942 834 1974 p.
862 1933 940 1966 172.
1061 1932 1098 1974 3)
1127 1931 1196 1966 Ed.
1222 1931 1426 1973 Fabricius,
1454 1930 1672 1965 Bibliotheca
1695 1932 1806 1966 eccles.

315 1988 355 2021 p.
382 1978 461 2013 108.
572 1977 609 2022 4)
644 1979 689 2013 A.
716 1980 797 2020 973,
829 1978 891 2013 SS.
919 1978 979 2020 VI,
1008 1989 1048 2021 p.
1074 1980 1163 2014 351:
1199 1977 1286 2012 Otto
1321 1978 1441 2012 senior
1473 1977 1673 2021 imperator
1705 1977 1806 2021 obiit,

320 2022 421 2058 euius
445 2023 558 2058 vitam
585 2023 876 2059 Guindichindus
899 2024 1099 2059 monachus
1133 2024 1334 2069 descripsit,
1369 2024 1432 2069 qui
1466 2024 1575 2058 etiam
1609 2024 1808 2069 hystoriam

319 2069 505 2104 Saxonum
542 2082 656 2115 usque
692 2071 738 2106 ad
775 2071 871 2106 hunc
907 2083 1042 2106 annum
1079 2072 1303 2116 conscripsit.
1448 2073 1484 2116 5)
1523 2072 1616 2108 Ibid.
1651 2083 1692 2116 p.
1726 2073 1806 2108 625.

327 2118 561 2152 Trithemium
585 2129 718 2163 quoque
741 2119 836 2153 nihil
859 2121 932 2153 nisi
965 2120 1056 2153 hanc
1080 2119 1256 2163 Siyebeiti
1284 2121 1548 2153 annotationem
1576 2129 1669 2163 prae
1701 2119 1809 2153 oculis

320 2165 484 2198 habuisse
508 2167 606 2210 apud
630 2177 682 2200 me
706 2169 849 2202 cons-tat.
899 2167 1087 2200 Asseverat
1111 2168 1206 2202 Ann.
1232 2167 1410 2210 Hirsauy.
1440 2177 1479 2210 p.
1507 2168 1563 2201 98.
1597 2167 1639 2199 de
1662 2170 1808 2200 nostro:

320 2211 394 2246 Hic
427 2212 523 2246 inter
556 2212 696 2256 reliqua
729 2213 864 2258 ingenii
899 2213 954 2247 sui
988 2213 1161 2258 opuscula
1194 2213 1337 2256 scripsit
1372 2213 1417 2246 de
1451 2213 1591 2257 origine
1621 2212 1807 2248 Saxonum

318 2258 382 2293 lib.
416 2261 498 2294 tres.
558 2258 620 2293 Ad
644 2259 865 2294 Mathildam
899 2270 1042 2304 quoque
1075 2259 1188 2294 filiam
1214 2259 1358 2294 Ottonis
1390 2259 1499 2304 primi
1530 2259 1673 2304 scripsit
1705 2262 1808 2305 gesta

317 2304 485 2339 Heinrici
529 2305 640 2350 primi
679 2307 775 2351 regis
816 2306 951 2340 librum
991 2318 1115 2342 unum.
1181 2306 1242 2340 Ad
1283 2306 1435 2340 eandem
1476 2306 1588 2340 vitam
1630 2309 1667 2341 et
1706 2309 1807 2352 gesta

318 2351 510 2386 Mathildis
534 2352 692 2398 reginae,
718 2353 840 2387 uxoris
867 2353 1028 2388 eiusdem
1045 2353 1212 2388 Heinrici
1227 2353 1322 2399 regis
1338 2353 1460 2398 primi.
1503 2353 1646 2388 Ottonis
1663 2364 1808 2398 quoque

319 2399 426 2444 primi
463 2402 564 2444 gesta
601 2399 646 2434 ad
684 2400 836 2434 eandem
871 2400 1094 2446 conscripsit.
1145 2400 1270 2435 Vitam
1308 2400 1524 2435 sanctissimi
1557 2400 1663 2435 Pauli
1698 2400 1808 2446 primi

317 2446 492 2481 eremitae
529 2446 686 2493 genuino
725 2448 817 2491 stylo
859 2447 1082 2492 conscripsit.
1148 2447 1360 2482 Passionem
1398 2459 1541 2492 quoque
1578 2448 1614 2484 S.
1651 2448 1808 2483 Theclae

318 2493 470 2574 {iffi-⁵³
497 2494 1341 2585 {3132dssssefflssnfissnsssssstrssssmffffssff·mffl?
1375 2494 1603 2577 ῗὶἓὲἶθίὲῗι
1625 2495 1807 2576 ὃοῐὶἒὲἇῖὶἳ

320 2588 449 2622 librum
473 2589 515 2622 de
538 2590 667 2622 studiis
691 2593 842 2623 veterum
866 2590 1118 2623 monachor-um
1142 2601 1221 2623 eum
1246 2554 1430 2633 confecisse
1463 2594 1624 2633 testatur,
1661 2601 1706 2624 ex
1740 2600 1807 2633 quo

319 2634 402 2668 haec
418 2636 524 2678 affert
539 2635 666 2670 verba:
690 2635 959 2670 Monachorum
977 2636 1040 2671 ille
1056 2638 1330 2681 (Meyinradus)
1347 2636 1574 2671 doctissimus
1591 2639 1808 2681 praeceptor

318 2682 430 2716 veluti
456 2682 704 2727 Hieronymus
729 2683 821 2718 alter
847 2682 1052 2718 divinarum
1079 2684 1258 2728 interpres
1282 2684 1544 2728 scripturarum
1570 2682 1806 2728 profundissi-

319 2740 399 2762 mus
423 2740 487 2763 sua
510 2740 577 2763 nos
602 2730 806 2764 eruditione
830 2730 940 2765 vertit
965 2731 1001 2765 in
1027 2733 1235 2775 stuporem:
1260 2734 1301 2766 ut
1317 2742 1402 2766 vere
1425 2731 1588 2766 caelestis
1606 2729 1806 2775 sapientiae

1832 1893 1867 1918 25

1833 2127 1868 2153 80

311 2775 391 2810 <dici
416 2779 526 2820 queat
550 2777 757 2821 armarium,
783 2777 917 2822 quippe
943 2789 1050 2822 quem
1075 2778 1164 2813 nihil
1191 2779 1304 2813 lateat
1320 2778 1579 2813 doctrinarum.
1621 2779 1673 2812 Ac
1692 2779 1806 2822 plura
1845 2806 1847 2809 .

312 2824 527 2857 ⁴hariolatur
550 2825 590 2858 in
614 2826 772 2868 cataloyo
795 2826 996 2859 illustrium
1019 2827 1180 2860 virorum
1196 2825 1333 2870 (Opera
1350 2826 1401 2861 ecl.
1420 2826 1557 2860 Freher
1571 2826 1598 2859 I
1613 2825 1805 2869 [Francof.

315 2871 434 2914 1601]
455 2882 492 2914 p.
513 2873 622 2914 129).·
647 2871 710 2905 Ad
726 2871 965 2906 Mechtildam
990 2871 1104 2907 filiam
1121 2871 1265 2908 Ottonis
1289 2872 1398 2917 primi
1423 2872 1468 2907 de
1493 2871 1604 2918 gestis
1620 2872 1806 2907 Saxonum

317 2917 380 2953 lib.
405 2916 487 2962 1113
522 2917 568 2952 ad
593 2918 745 2953 eandem
770 2921 872 2964 gesta
897 2918 1042 2954 Ottonis
1075 2919 1185 2964 primi
1216 2919 1279 2955 lib.
1306 2919 1346 2964 I3
1380 2930 1562 2954 sermones
1596 2919 1642 2953 ad
1675 2919 1810 2954 fratres

317 2963 379 3000 lib.
397 2963 437 3008 13
464 2964 698 3009 epistolarum
725 2965 771 3000 ad
796 2965 957 3001 diversos
982 2966 1043 3003 lib.
1062 2966 1103 3010 13
1128 2967 1241 3001 vitam
1267 2966 1341 3001 divi
1358 2965 1465 3001 Pauli
1481 2966 1590 3011 primi
1607 2966 1808 3001 heremitae

1830 2832 1866 2858 45
