2034 3380
353 319 529 356 XXVIII
947 318 1249 356 PRAEFATIO.

495 439 688 493 Leibniz,
714 440 793 482 SS.
815 453 955 482 rerum
978 440 1209 484 Brunsvic.
1232 442 1271 494 I,
1299 456 1344 494 p.
1365 445 1552 493 70—75,
1578 446 1618 484 et
1636 442 1839 495 Bouquet,

355 498 540 541 ‘Recueil
585 499 655 541 des
701 498 927 542 historiens
973 500 1044 542 des
1092 499 1269 543 Gaules’
1318 501 1454 553 VIII,
1501 514 1544 553 p.
1585 504 1839 554 217—219,

353 557 479 600 etiam
519 557 773 600 Widukindi
811 558 1055 612 fraymenta
1090 563 1343 612 receperunt,
1377 559 1538 601 nultius
1575 559 1731 602 codicis
1770 573 1842 614 ope

354 616 493 659 adiuti
502 631 518 669 ,·
548 616 619 659 ille
649 631 758 670 vero,
790 621 837 659 ut
865 617 955 660 iam
986 617 1184 670 diximus,
1218 618 1412 661 lectiones
1443 618 1627 661 codicum
1660 619 1704 660 A
1735 623 1774 661 et
1809 617 1846 662 Ο

353 675 582 729 separatim
612 676 809 730 vulyavit.
1866 693 1884 720 5

495 746 649 788 Prima
695 747 821 789 editio
863 748 922 789 ad
959 747 1168 790 rationem
1208 747 1401 791 criticam
1441 747 1604 791 collatis
1650 748 1841 791 omnibus

353 804 582 858 codicibus,
635 819 737 859 quos
783 819 916 859 supra
961 806 1105 859 attuli,
1158 820 1263 849 cura
1309 821 1359 849 ac
1410 806 1634 861 diliyentia
1677 811 1842 860 parata

359 864 533 918 Georgii
557 864 701 907 Waite
729 866 764 907 b.
794 879 849 906 m.
874 865 1042 918 prodiit
1070 865 1117 907 in
1140 865 1402 919 Scriptorum
1434 870 1539 908 tomo
1561 866 1659 919 III,
1683 880 1730 919 p.
1755 870 1839 907 408

354 927 511 976 —467,
552 924 841 966 Hannoverae
886 928 1010 965 1839.
1082 924 1193 966 Inde
1231 938 1421 967 recusum
1462 929 1522 967 est
1561 939 1663 978 opus
1703 926 1842 968 eodem

353 996 468 1024 anno
499 986 537 1024 et
567 983 653 1024 loco
683 982 796 1024 inter
818 982 1053 1035 Scriptores
1083 997 1225 1024 rerum
1253 982 1621 1036 Germanicarum,
1654 983 1842 1026 breviata
1868 1001 1903 1027 ιο

349 1040 634 1094 praefatione,
669 1040 835 1083 omissis
866 1045 1077 1095 apparatu
1109 1041 1253 1084 critico
1275 1046 1312 1084 et
1334 1041 1539 1096 plurimis
1560 1042 1843 1088 annotationi-

354 1101 453 1153 bus,·
484 1113 591 1153 quae
621 1099 747 1142 editio
778 1100 933 1142 editore
952 1099 1089 1143 inscio
1103 1101 1117 1125 ¹
1138 1100 1313 1154 repetita
1333 1105 1393 1143 est
1414 1116 1454 1143 a.
1481 1104 1606 1142 1866.
1657 1101 1843 1143 Tertiam

347 1158 534 1212 paravit,
568 1158 779 1201 codicibus
809 1159 851 1200 A
889 1164 927 1201 et
963 1159 998 1202 Ο
1026 1159 1177 1202 iterum
1218 1160 1391 1213 collatis,
1433 1159 1575 1202 multis
1613 1159 1844 1203 emendatis

353 1222 475 1271 atque
506 1217 678 1271 additis,
716 1218 767 1260 G.
796 1218 940 1261 W‘aite
970 1233 1010 1260 a.
1048 1222 1173 1260 1882.

505 1288 748 1331 Versionem
805 1289 1106 1332 Germanicam
1153 1290 1325 1343 primus
1367 1289 1531 1343 publici
1580 1288 1693 1332 iuris
1742 1289 1903 1341 fecit15

362 1347 405 1390 G.
451 1348 495 1390 S.
533 1347 799 1390 Pollmdcher
839 1349 912 1390 sub
954 1348 1098 1391 titulo:
1140 1347 1400 1392 ‘Gesehichte
1441 1348 1589 1402 Ko'niy
1628 1348 1842 1391 Heinrich

353 1407 424 1449 des
444 1407 603 1449 Ersten
632 1407 724 1449 und
753 1407 918 1449 Kaiser
945 1407 1035 1450 Otto
1066 1409 1138 1450 des
1168 1408 1353 1451 Grossen
1385 1408 1495 1451 nach
1527 1409 1607 1450 den
1638 1407 1842 1450 Annalen

362 1465 617 1509 Wittekinds
662 1480 743 1508 von
784 1466 948 1508 Korbei
988 1466 1065 1508 mit
1102 1466 1713 1521 historisch-yeoyraphischen
1753 1467 1842 1508 An-

352 1525 621 1579 merkunyen’
665 1524 838 1578 (Dresd.
881 1530 918 1568 et
957 1525 1076 1579 Lips.
1124 1526 1253 1579 1790)
1267 1541 1282 1579 ,·
1322 1526 1500 1569 alteram
1539 1541 1567 1568 a
1606 1525 1843 1568 Reinholdo

355 1583 545 1627 Schottin
594 1583 753 1636 factam
805 1585 1041 1627 emendavit
1085 1589 1123 1627 et
1160 1585 1434 1638 praefatione
1479 1584 1667 1638 notisque
1713 1584 1844 1627 doctis
1868 1601 1904 1627 20

354 1643 476 1685 auoeit
528 1643 594 1686 W.
644 1643 919 1686 Wattenbaeh
972 1645 1008 1686 b.
1060 1658 1114 1686 m.
1167 1643 1215 1686 in
1269 1643 1719 1687 ‘Geschichtschreiber
1769 1644 1845 1686 der

354 1701 575 1744 deutschen
606 1702 791 1745 Vorzeit'
829 1707 953 1756 1852,
996 1717 1102 1756 quae
1133 1702 1285 1745 iterum
1307 1702 1476 1757 prodiit
1504 1702 1682 1756 Lipsiae
1717 1705 1842 1755 1882,

353 1760 472 1803 tertio
508 1765 633 1802 1891.
665 1761 714 1803 in
746 1760 1097 1804 ‘Geschichtschr.
1136 1761 1278 1804 eweite
1316 1761 1732 1815 Gesammta-usyabe’
1763 1761 1842 1803 vol.

356 1820 599 1862 XXXIII
607 1822 634 1862 ²¹.
708 1820 1105 1863 Praestantissimos
1145 1822 1253 1863 locos
1291 1820 1418 1863 etiam
1455 1820 1664 1874 Georyius
1699 1820 1840 1872 Erler,

354 1878 575 1921 ‘Deutsche
621 1879 864 1922 Geschichte
909 1879 958 1922 in
1003 1880 1084 1922 den
1129 1880 1437 1933 Erec‘i’hlunyen
1483 1879 1715 1922 Deutscher
1764 1879 1840 1921 Ge·
1868 1891 1904 1918 25
1976 1874 1982 1879 ’
2030 1867 2034 1870 ’

351 1937 736 1981 schichtschreiber’
770 1939 833 1980 II
861 1936 1028 1994 (Leipe.
1067 1940 1213 1993 1883),
1247 1943 1286 1981 et
1314 1938 1563 1982 Wilhelmus
1600 1937 1838 1991 Gundlach,

354 1996 666 2040 ‘Heldenlieder
697 1998 772 2040 der
796 1997 1036 2040 Deutschen
1062 1997 1323 2040 Kaisereeit’
1347 1998 1380 2039 I
1402 1996 1598 2050 (Innsbr.
1627 1995 1761 2050 1894)
1793 1995 1842 2041 in

352 2055 543 2110 linquam
573 2060 762 2099 nostram
792 2061 1017 2099 verterunt.

494 2128 624 2170 Hanc
655 2142 807 2170 novam
834 2132 1041 2181 parantes
1070 2127 1291 2170 editionem
1320 2141 1452 2170 unum
1473 2126 1658 2170 codicum
1682 2139 1843 2179 semper

352 2186 469 2239 sequi
489 2200 576 2229 non
588 2186 828 2240 potuimus:
854 2186 928 2229 ubi
956 2186 993 2229 Ο
1020 2201 1111 2229 cum
1131 2186 1176 2228 B
1193 2190 1217 2228 2
1240 2187 1474 2239 concordat,
1497 2186 1608 2228 hanc
1628 2184 1841 2228 lectionem
1866 2197 1901 2223 ³0

352 2246 442 2297 fere
472 2245 622 2299 ubique
646 2245 941 2299 praetulimus,
974 2245 1036 2287 ita
1068 2250 1219 2298 tamen,
1252 2249 1300 2287 ut
1319 2249 1356 2287 et
1377 2258 1602 2287 consensus
1622 2243 1777 2286 codicis
1797 2243 1840 2284 A

352 2318 444 2346 cum
468 2304 504 2346 G
530 2318 617 2346 non
639 2304 771 2358 parvi
802 2303 1090 2347 aestimandus
1120 2303 1276 2357 fuerit,·
1305 2303 1350 2345 B
1370 2307 1390 2344 1
1424 2303 1601 2356 denique
1628 2302 1840 2345 lectionem

343 2364 520 2416 praebet
555 2363 804 2416 plerumque
850 2362 1106 2405 deteriorem.
1190 2362 1329 2416 Opera
1374 2375 1532 2414 eorum,
1581 2361 1654 2415 qui
1693 2361 1839 2404 Widu·

352 2421 527 2464 hindum
559 2421 853 2475 adhibuerunt,
875 2421 1076 2474 inprimis
1096 2422 1284 2474 Frutolsi
1304 2425 1342 2463 et
1361 2420 1620 2463 Annali-stae
1643 2419 1838 2473 Saxonis,

352 2480 543 2534 quamvis
574 2480 798 2523 rarissimo
829 2495 908 2523 sua
939 2480 1188 2524 auctoritate
1219 2480 1446 2523 discrimen
1470 2480 1671 2532 facerent,
1704 2478 1841 2533 mayis
1865 2490 1900 2517 3⁶

350 2539 506 2582 idonea
536 2544 670 2592 erant,
703 2554 809 2594 quae
840 2540 950 2582 hunc
981 2544 1056 2582 aut
1084 2540 1207 2582 illum
1233 2539 1410 2582 codicem
1441 2539 1671 2582 accedendo
1697 2539 1840 2590 firma-

351 2603 456 2642 rent.
497 2599 683 2641 Errores
703 2603 743 2641 et
763 2599 871 2641 vitia
887 2598 1082 2652 plurium
1103 2598 1306 2641 librorum
1329 2597 1492 2641 auctori
1513 2597 1598 2640 sive
1619 2597 1841 2651 archetypo

352 2671 415 2699 me
455 2657 696 2700 attribuisse
736 2662 774 2700 et
812 2658 860 2700 in
900 2662 1054 2700 textum
1095 2657 1297 2711 recepisse
1334 2656 1674 2711 comprobabis3;
1712 2655 1842 2697 unius

351 2730 448 2759 vero
478 2718 631 2759 menda
662 2731 713 2760 ne
738 2717 1000 2761 Widuhindo
1031 2717 1301 2769 obtruderem,
1335 2716 1440 2760 cavi.
1489 2715 1563 2758 Ita
1587 2715 1698 2769 quod
1720 2727 1840 2767 saepe

355 2867 390 2912 1)
427 2867 481 2910 Of.
508 2868 564 2903 (Ν.
590 2868 740 2902 Archiv’
767 2869 819 2911 H,
847 2879 887 2911 p.
912 2870 992 2905 450.
1091 2870 1127 2911 2)
1164 2868 1262 2902 Haec
1284 2868 1392 2901 tertia
1415 2867 1520 2901 editio
1546 2865 1730 2908 laudatur,
1761 2864 1840 2899 ubi·
1865 2872 1901 2898 40

351 2924 495 2958 cumque
519 2915 611 2948 nihil
637 2916 739 2949 aliud
760 2917 984 2958 proferimus
1008 2917 1083 2950 nisi
1105 2916 1220 2950 solum
1248 2925 1370 2949 nomen
1396 2914 1576 2948 Wilhelmi
1599 2912 1840 2948 Wattenbach.

353 2961 390 3006 3)
417 2962 472 3004 Cf.
497 2972 613 3005 supra
639 2974 677 3005 p.
701 2963 747 3006 X,
775 2974 809 2998 n.
837 2965 869 2999 5.
