2034 3380
606 777 1226 857 APPENDIX.

168 939 356 1003 nir-¹
381 935 756 1001 ORIGINE
782 935 1100 999 GENTIS
1126 935 1316 1000 SWE
1327 935 1660 1000 VORUM.

169 1073 511 1131 QUALITERb
550 1076 755 1119 SWEVI
791 1075 1046 1117 TERRAM
1078 1074 1258 1127 QUAM
1289 1076 1462 1118 NUNC
1495 1076 1660 1119 INCO·

438 1136 605 1179 LUNT
637 1135 892 1177 PRIMUM
923 1133 1391 1177 OBTINUISSENT.

126 1235 144 1260 5
315 1217 352 1255 1.
400 1214 458 1255 In
497 1213 636 1269 plaga
676 1211 1029 1267 septentrionali
1074 1212 1271 1266 quedam
1311 1212 1543 1266 provintia
1588 1213 1662 1255 ad-

168 1275 289 1317 iacet
314 1273 442 1324 mari,
475 1276 612 1327 quam
635 1271 859 1314 Swein0·2
879 1270 1011 1312 aiunt
1036 1271 1307 1325 nuncupari.
1359 1270 1460 1323 Que
1486 1272 1660 1313 dudum

168 1328 424 1389 ydolatrie-‘¹
459 1332 553 1373 fuit
593 1331 643 1372 in
672 1332 856 1372 tantum
891 1329 1049 1372 dedita
1063 1329 1090 1380 3,
1124 1332 1177 1371 ut
1209 1343 1290 1385 pre
1324 1330 1487 1372 ceteris
1517 1331 1661 1373 natio-

169 1392 304 1434 nibus
330 1392 388 1433 ob
411 1391 589 1433 cultum
609 1389 852 1446 ydolorum
874 1390 1160 1444 perpetraret
1185 1388 1356 1431 scelera
1376 1389 1660 1432 immaniora.

169 1451 309 1494 Omni
339 1451 495 1505 itaque
527 1463 647 1491 anno
678 1449 728 1490 in
759 1449 932 1490 honore
970 1448 1157 1490 deorum
1200 1462 1386 1490 suorum
1427 1449 1662 1491 duodenos

113 1529 147 1553 ιο
173 1509 458 1551 Christianos
499 1508 710 1550 solebant
756 1507 989 1549 trucidare
1036 1509 1175 1562 atque
1216 1508 1302 1549 hoc
1348 1507 1528 1550 nefario
1568 1509 1662 1550 ritu

171 1569 295 1624 ipsos
342 1568 430 1610 sibi
475 1567 671 1623 placare.
748 1566 903 1608 Huius
949 1566 1167 1608 facinoris
1215 1567 1490 1609 enormitate
1535 1567 1662 1609 Deus

173 1627 260 1670 celi
301 1628 595 1682 exasperatus
635 1627 685 1667 in
724 1625 950 1667 ultionem
993 1624 1245 1667 Christiani
1284 1626 1522 1680 sanguinis
1562 1640 1662 1668 con-

172 1686 472 1742 provintiales
503 1685 609 1727 illos
639 1684 894 1740 flagellavit
925 1684 1231 1726 attenuitate⁰
1261 1684 1412 1726 famis.

315 1748 355 1786 2.
409 1745 475 1787 Eo
506 1746 712 1799 tempore
753 1738 1040 1785 habuerantf
1075 1756 1229 1798 regem
1270 1744 1498 1798 quendam
1535 1758 1662 1787 voca-

113 1823 147 1848 15
173 1804 282 1847 bulo
328 1803 629 1854 Rfidolfumg,
677 1803 825 1844 virum
877 1797 1020 1856 equeh
1068 1802 1489 1857 prudentissimum.
1572 1803 1662 1845 Hic

173 1865 363 1906 cunctos
395 1876 476 1905 sue
515 1862 716 1917 regionis
757 1861 1002 1916 optimates
1042 1857 1311 1912 asciverati,
1353 1865 1407 1903 ut
1448 1862 1662 1904 consultu

173 1924 377 1978 ipsorum
407 1935 519 1976 gens
552 1921 639 1963 sibi
671 1921 859 1963 subdita
891 1921 1106 1963 evaderet
1136 1921 1273 1962 famis
1308 1921 1661 1963 incommodum.

174 1984 328 2036 Atque
359 1981 431 2022 illi
462 1981 632 2035 absque
663 1980 835 2030 liberis,
869 1980 989 2022 sicut
1026 1980 1090 2021 eis
1131 1980 1456 2022 denuntiatum
1495 1981 1662 2031 fuerat,

172 2041 234 2082 ad
273 2039 475 2094 regalem
522 2040 697 2082 curiam
737 2039 936 2093 profecti
982 2039 1082 2094 pari
1122 2052 1347 2081 consensu
1386 2042 1663 2090 statuerunt,

114 2117 150 2142 20
171 2095 421 2154 quatinusk
456 2099 536 2149 hii,
580 2098 659 2153 qui
690 2097 844 2153 plures
877 2097 995 2139 filios
1035 2097 1273 2149 haberent,
1315 2112 1472 2140 omnes
1512 2102 1666 2154 preter

174 2172 319 2200 unum
350 2157 438 2199 sibi
476 2152 789 2199 karissimum¹
829 2157 1160 2199 interimerent.
1224 2157 1370 2212 quue
1402 2171 1456 2199 ea
1486 2159 1665 2200 ratione

173 2218 490 2266 decreverunt,
532 2219 598 2267 ut,
636 2218 848 2270 quantom
879 2216 1117 2271 pauciores
1159 2216 1442 2258 haberentur
1479 2217 1528 2258 in
1568 2232 1665 2273 pro-

172 2276 333 2326 vintia,
366 2278 499 2318 tanto
530 2275 681 2317 minus
713 2277 969 2330 grassaretn
995 2275 1044 2316 in
1075 2275 1246 2330 populo
1277 2276 1413 2318 famis
1444 2277 1614 2332 inopia.

319 2339 359 2376 3.
412 2335 535 2376 Huic
568 2334 870 2376 assentationi
901 2334 1088 2388 quidam
1120 2334 1400 2377 Anshelmus
1430 2335 1665 2387 intererat,

114 2411 152 2437 25
177 2395 255 2448 qui
276 2394 444 2436 liberos
466 2394 628 2448 quinos
650 2393 866 2436 habebat.
918 2393 1023 2443 Hic,
1047 2395 1291 2449 postquam
1313 2396 1382 2436 est
1404 2395 1665 2446 discessum,

177 2507 206 2539 a)
234 2508 308 2533 hanc
334 2509 548 2540 inscriptionem
571 2509 691 2540 praebet
718 2509 762 2538 B,·
789 2507 972 2533 ANONYMI
999 2507 1231 2534 scsslp'roms
1258 2509 1315 2534 DE
1343 2508 1559 2536 SVEVORUM
1585 2509 1666 2536 ORI-

177 2544 257 2576 gine,
277 2543 410 2569 Libellus
423 2544 464 2574 G,·
483 2544 558 2568 deest
570 2544 606 2571 A.
660 2543 693 2576 b)
709 2543 779 2568 haec
796 2544 874 2569 solue
886 2543 922 2571 A.
976 2545 1004 2574 c)
1022 2544 1062 2569 εἰσ
1074 2544 1110 2575 Β,
1130 2544 1166 2574 cf.
1180 2544 1249 2570 ΜΘ.
1262 2544 1366 2570 Poetae
1378 2545 1433 2577 IV,
1448 2553 1481 2577 p.
1498 2546 1559 2577 164,
1579 2546 1669 2575 n.53,·

178 2579 317 2605 Sueuiam
337 2579 372 2611 G,
392 2579 520 2609 forsitan
539 2585 553 2603 e
570 2579 749 2609 comatum,-
767 2576 868 2604 Sweui
887 2579 923 2603 A.
986 2577 1016 2610 d)
1034 2579 1076 2604 sic
1094 2580 1129 2607 A.
1148 2580 1193 2612 B,·
1211 2578 1399 2606 idololatriae
1418 2581 1453 2608 G.
1507 2582 1536 2612 e)
1554 2583 1667 2606 atermi-

178 2617 240 2640 κίε
259 2614 295 2639 Β.
404 2614 428 2644 f)
451 2615 493 2639 sic
511 2614 538 2639 A
544 2623 554 2645 ,·
573 2614 719 2639 habuerat
736 2614 779 2644 Β,·
798 2614 968 2639 habuerunt
986 2614 1021 2641 G.
1129 2617 1159 2646 g)
1182 2615 1224 2639 εἰσ
1242 2617 1268 2641 A
1274 2624 1285 2645 ,·
1303 2616 1338 2641 R.
1360 2616 1387 2640 B
1392 2625 1404 2646 ,-
1422 2614 1612 2648 Rudolphum
1630 2617 1667 2641 G.

118 2651 154 2678 30
178 2650 211 2680 h)
227 2650 268 2674 εἰσ
288 2650 312 2674 A
318 2658 330 2680 ,·
349 2653 387 2681 eq
404 2650 440 2681 B,
460 2657 516 2674 non
536 2656 673 2680 aequum,
694 2649 766 2673 sicut
784 2649 944 2681 Dammler,
964 2649 1140 2680 ‘Zeitschm'ft
1156 2650 1209 2681 Ῑιῖν
1221 2650 1375 2675 Damone-³
1393 2650 1566 2675 Alterthum'
1578 2651 1667 2683 XIX,

172 2693 206 2717 p.
226 2685 287 2716 131,
307 2684 485 2716 affirmavit,-
504 2685 593 2716 aequi
612 2685 637 2708 G
644 2693 655 2715 ,·
674 2684 776 2715 utique
797 2684 1004 2709 emendandum
1017 2692 1160 2717 propono.
1179 2685 1276 2713 Η.-Ε.
1367 2686 1388 2719 i)
1412 2686 1453 2711 sio
1471 2687 1506 2714 A.
1524 2687 1569 2716 B,·
1593 2687 1668 2712 acci-

178 2723 266 2746 nerat
289 2720 324 2752 G,
349 2723 375 2745 et
398 2721 441 2745 tta
460 2720 542 2751 infra
561 2728 593 2752 p.
613 2719 675 2750 132,
700 2727 728 2746 n.
747 2726 773 2744 e.
859 2718 892 2750 k)
915 2719 956 2744 εἰσ
979 2720 1016 2747 A.
1038 2720 1081 2749 B:
1106 2723 1252 2752 quatenus
1278 2720 1309 2745 hi
1334 2721 1369 2748 G.
1458 2721 1480 2752 1)
1503 2722 1544 2746 eie
1568 2723 1604 2748 A.
1624 2722 1669 2753 B.-

179 2755 362 2782 carissimum
387 2756 423 2782 G.
497 2757 537 2786 m)
555 2756 596 2780 etc
615 2755 640 2779 G
659 2757 685 2779 et
702 2755 778 2785 forte
796 2754 882 2779 etiam
901 2755 927 2779 Β
933 2764 944 2785 ,·
963 2755 1067 2786 quanti
1085 2755 1122 2781 A.
1196 2755 1227 2788 n)
1246 2756 1286 2781 sic
1304 2756 1340 2782 A.
1355 2756 1390 2782 B.
1406 2756 1442 2782 G.

182 2850 236 2904 1).
249 2848 417 2904 Opnswli
439 2849 549 2915 huit‘aes
579 2850 715 2911 codices,
744 2852 775 2882 et
804 2849 950 2906 priores
982 2849 1246 2915 investiqqtorfs
1278 2850 1329 2905 in·
1345 2850 1576 2893 praefatione
1608 2861 1669 2886 οω-

117 2907 156 2933 ³⁶
177 2896 394 2977 {must
420 2896 705 2987 &Uioffleae
719 2895 848 2984 ⁴21⁷?de
877 2895 1122 2986 ἴαῗὲἕῖωζζὲε
1149 2896 1515 2986 ffifflffflm
1536 2946 1670 2981 similos

180 2990 326 3033 colleait.
423 2991 459 3033 3)
488 2991 598 3025 Adue
622 3001 679 3035 ap.
708 2991 764 3033 17,
792 2991 856 3026 16:
882 2988 1111 3025 idololatriae
1135 2988 1298 3025 deditam
1322 2990 1518 3029 civitatem.

252 3059 426 3086 Widukind.
1364 3064 1385 3099 9
