2034 3380
359 313 492 349 XXIV
950 309 1255 346 PRAEFATIO.

359 433 411 474 L.
437 430 681 484 Zaccaynio
702 429 969 474 bibliothecae
995 430 1229 474 Vaticanae
1256 431 1419 474 custode
1443 430 1526 472 sibi
1551 431 1848 474 transmissam

359 489 541 532 Leibnie
555 490 569 514 1
593 488 757 542 publici
786 489 899 532 iuris
929 490 1042 542 fecit.
1113 489 1302 533 Codicem
1342 489 1494 532 iterum
1535 504 1627 532 cum
1667 490 1848 534 editione

360 548 535 591 Frechti
572 548 625 591 G.
652 548 713 590 Η.
736 548 864 591 Perte
894 549 1069 592 contulit
1098 563 1269 602 eumque
1299 548 1542 591 accuratius
1575 549 1849 603 descripsit2,·

359 607 538 661 denique
555 607 608 651 G.
620 607 775 662 Waite,
793 609 846 650 ab
863 608 1053 662 Auyitsto
1069 609 1119 650 de
1134 608 1308 660 Druffel
1329 609 1364 650 b.
1382 622 1436 649 m.
1455 607 1639 661 adiutus,
1658 623 1698 651 a.
1722 612 1846 650 1876.

360 667 479 719 locos,
517 680 693 720 quorum
734 667 851 709 lectio
892 666 1021 710 dubia
1061 667 1292 720 videbatur,
1334 667 1607 710 examinavit.
1678 667 1849 710 Mecum

369 726 417 769 V.
450 725 552 768 Rev.
586 725 842 768 Ambrosius
872 726 1041 779 Amelli,
1084 725 1340 769 celeberrimi
1379 726 1498 768 illius
1538 726 1850 770 archicoenobii

359 785 435 827 hoc
466 789 644 838 tempore
668 785 805 838 prior,
839 785 984 827 omnia
1014 799 1120 838 quae
1151 786 1201 828 de
1232 799 1276 827 eo
1300 785 1457 839 ‘royavi
1487 809 1543 813 —
1577 789 1615 828 et
1643 786 1776 828 multa
1812 790 1852 828 et

358 844 449 896 fere
469 843 608 886 nimia
628 843 776 897 royavi
800 867 853 872 —
876 844 1052 898 beniyne
1073 844 1395 886 communicavit
1404 858 1420 896 ,·
1451 844 1572 887 cuius
1591 844 1849 897 indefessam

361 916 532 958 operam
560 907 684 957 gyrato
714 917 778 945 me
810 902 954 945 animo
985 902 1229 945 habiturum
1269 903 1344 945 hoc
1384 917 1542 957 quoque
1583 904 1668 946 loco
1707 904 1849 956 facere

359 976 444 1005 non
467 975 642 1015 possum
672 961 777 1015 quin
799 963 1022 1015 profitear.
1284 993 1287 996 >

510 1019 700 1063 Codicem
750 1020 1000 1063 monasterii
1057 1020 1319 1063 Corbeiensis
1367 1034 1499 1073 penes
1556 1034 1599 1062 se
1655 1020 1850 1063 habuisse

360 1080 400 1122 I.
434 1080 489 1121 F.
522 1080 660 1122 Fallce
697 1083 870 1122 testatus
900 1080 987 1122 est3
1018 1084 1140 1133 atque
1175 1079 1222 1121 in
1260 1078 1409 1122 Codice
1441 1078 1717 1121 traditionum
1754 1078 1851 1122 Cor-

364 1138 591 1181 beiensium
644 1135 795 1188 (1752.
847 1138 945 1192 fol.)
989 1139 1137 1192 plures
1194 1152 1244 1181 ex
1299 1138 1373 1180 illo
1423 1138 1564 1180 attulit
1614 1138 1805 1181 lectiones
1819 1139 1849 1178 4.

367 1197 558 1241 Oodicem
588 1197 764 1252 pariter
794 1202 916 1251 atque
953 1197 1195 1240 Oltronicon
1232 1196 1476 1240 Corbeiense
1512 1211 1598 1239 esse
1636 1197 1848 1250 ficticium,

361 1256 555 1299 lectiones
585 1270 681 1299 vero
712 1270 763 1299 ex
792 1256 892 1310 illis,
925 1270 1031 1310 quas
1061 1256 1194 1299 edidit
1225 1256 1416 1310 Leibnie,
1450 1257 1688 1310 desumptas
1701 1257 1716 1282 ⁵
1747 1270 1850 1299 sane

351 1319 561 1370 putarem,
595 1315 684 1358 nisi
721 1315 908 1369 Grupen,
941 1316 1009 1358 vir
1039 1330 1225 1358 summae
1255 1315 1369 1368 fidei,
1411 1320 1535 1358 semet
1564 1315 1702 1369 ipsum
1739 1316 1851 1358 hunc

361 1374 515 1417 vidisse
566 1375 744 1418 codicem
787 1375 1010 1428 professus
1060 1379 1163 1417 esset
1175 1376 1202 1416 ⁶.
1293 1374 1458 1418 Codicis
1508 1374 1684 1428 vesti'yia
1731 1375 1851 1417 nulla

361 1438 529 1487 reperta
560 1438 669 1487 sunt,
702 1433 788 1476 sive
819 1438 878 1476 est
918 1434 1157 1488 deperditus
1195 1434 1281 1476 sive
1321 1433 1503 1476 tenebris
1542 1435 1725 1476 obrutus.
1798 1433 1852 1477 Ut

360 1492 472 1535 nihil
503 1492 608 1535 desit
638 1492 814 1535 editioni
844 1497 1026 1546 nostrae,
1059 1493 1272 1536 lectionem
1303 1507 1463 1535 omnem
1493 1492 1662 1535 variam
1693 1494 1745 1535 ab
1770 1492 1851 1535 isto

360 1551 498 1594 Falke
529 1555 738 1594 enotatam
768 1552 1010 1606 recepimus.

505 1611 680 1653 Saeculo
715 1611 762 1653 X
772 1611 850 1653 VI.
882 1611 1108 1664 incipiente
1138 1610 1392 1654 Widukindt
1424 1610 1601 1653 codicem
1630 1610 1680 1652 in
1711 1624 1851 1652 mona-

361 1669 489 1712 sterio
521 1669 807 1723 Novi-operis
841 1668 1088 1724 (Neuwerk)
1124 1684 1257 1724 prope
1287 1670 1432 1712 Halas
1464 1669 1682 1712 Saxonum
1718 1669 1852 1721 fuisse

361 1729 497 1771 Ebert
525 1728 704 1771 ostendit
717 1729 742 1782 ⁷,
785 1729 858 1782 qui
898 1729 1136 1782 deperditus
1175 1729 1322 1772 haberi
1351 1729 1466 1771 debet
1478 1730 1505 1770 3.
1548 1752 1605 1757 —
1644 1728 1712 1770 De
1751 1727 1853 1771 aliis

362 1787 486 1830 libris
515 1802 612 1830 mss.
638 1802 719 1841 per
750 1792 946 1841 quattuor
977 1788 1146 1831 saecula
1175 1788 1298 1840 fama
1328 1787 1440 1830 nihil
1468 1787 1667 1841 vulya-vit.

361 1881 574 1924 contentus3
613 1879 850 1924 erumpando,
885 1878 1056 1922 difficele,
1092 1878 1309 1923 diffucultas,
1344 1879 1507 1923 palulum
1536 1889 1607 1923 pro
1639 1878 1850 1923 paululum3

360 1926 503 1971 inquid,
538 1926 711 1971 reliquid,
749 1930 804 1961 set
835 1937 906 1971 pro
940 1926 1004 1961 sed
1039 1931 1097 1962 etc.
1135 1946 1180 1952 —
1215 1937 1305 1970 quae
1339 1938 1478 1970 semper
1514 1927 1553 1959 in
1590 1928 1683 1960 notis
1720 1926 1853 1968 afferre

359 1975 470 2010 nolui.
519 1975 569 2008 At
593 1975 686 2018 quod
709 1976 849 2017 formas
873 1974 1325 2020 neglegere‚inte11ego-·e1e
1352 1975 1422 2008 loco
1446 1973 1632 2018 negligere
1663 1977 1721 2008 etc.
1756 1983 1852 2007 more

362 2023 508 2065 antiquo
531 2023 685 2066 scriptas
713 2023 752 2055 in
777 2026 911 2055 teoetum
943 2032 1016 2055 non
1043 2023 1242 2065 receperim,
1274 2022 1350 2062 fere
1382 2021 1488 2059 doleo,
1611 2020 1646 2065 1)
1681 2020 1744 2056 SS.
1778 2029 1851 2055 rer.

361 2069 548 2104 Brunsvic.
574 2069 605 2112 I,
636 2080 675 2113 p.
703 2070 902 2105 221—232.
952 2069 1104 2103 Eaedem
1137 2069 1230 2102 solae
1265 2069 1424 2102 lectiones
1458 2070 1497 2101 in
1522 2067 1676 2111 exemplo
1701 2067 1852 2111 quodam

361 2116 522 2150 editionis
558 2116 813 2159 Frechtianae,
853 2116 935 2150 olim
972 2116 1073 2150 Petri
1109 2116 1318 2149 Burmanni
1356 2117 1452 2157 iun,
1496 2125 1592 2148 nunc
1631 2114 1853 2149 bibliothecae

360 2163 686 2206 Heidelberyensis,
727 2164 926 2208 adscriptae
963 2166 1046 2197 sunt
1082 2164 1225 2207 ideoque
1265 2172 1337 2196 non
1374 2164 1468 2195 tanti
1502 2163 1683 2205 momenti,
1726 2162 1855 2205 quanti

357 2212 499 2255 putavit
522 2211 638 2254 Mone,
664 2211 828 2245 ‘Archiv'
846 2211 877 2253 I,
897 2223 935 2255 p.
954 2212 1153 2246 430—432.
1259 2211 1296 2252 2)
1328 2209 1383 2251 Cf.
1410 2209 1571 2242 ‘Archiv’
1596 2209 1636 2250 V,
1656 2220 1694 2252 p.
1715 2210 1784 2243 144
1799 2219 1851 2251 sq.

361 2260 398 2301 3)
426 2258 810 2300 ‘Braunschweiyische
833 2257 1031 2301 Anzeiyen'
1058 2259 1160 2292 1752.
1190 2268 1230 2300 p.
1258 2258 1369 2292 1443:
1397 2256 1470 2289 ‘Ich
1495 2256 1569 2289 will
1590 2266 1664 2288 nur
1688 2255 1852 2289 Ici‘trzlich

362 2305 566 2347 anmerken,
584 2305 670 2338 dass
688 2333 695 2340 .
716 2333 723 2340 .
744 2333 751 2340 .
770 2306 834 2338 der
850 2305 947 2338 a‘chte
966 2305 1197 2337 Wtdelcindus
1222 2314 1289 2336 aus
1313 2304 1376 2336 der
1393 2306 1504 2336 ersten
1521 2302 1764 2343 Handschrift
1789 2304 1853 2336 mit

361 2352 437 2385 dem
464 2351 638 2385 Chronico
665 2351 862 2385 Cm·beiensi
885 2351 1042 2394 zuqleich
1066 2352 1186 2390 ediret,
1219 2350 1295 2383 und
1318 2361 1384 2384 von
1418 2350 1545 2392 heyden
1578 2351 1691 2392 etniqe
1714 2349 1853 2383 Proben

361 2400 402 2432 in
425 2398 574 2442 Kupfer
598 2399 705 2432 sollen
733 2399 915 2441 qestochen
939 2399 1088 2437 werden,
1114 2398 1226 2440 u’obey
1251 2399 1322 2430 wir
1344 2397 1502 2440 zuqleich
1526 2399 1695 2440 anzeiqen
1719 2397 1852 2439 wollcu,

361 2456 414 2479 wo
448 2456 488 2479 er
512 2445 650 2479 bishero
683 2446 870 2489 verboryen
901 2445 1060 2488 yeleyen'.
1204 2444 1241 2489 4)
1277 2443 1317 2480 P.
1346 2446 1424 2482 159.
1451 2446 1531 2480 307.
1558 2446 1638 2480 401.
1664 2445 1745 2480 416.
1770 2445 1851 2480 456.

361 2494 443 2529 465.
467 2494 548 2528 471.
575 2494 656 2528 574.
683 2494 763 2528 584.
861 2493 897 2537 5)
935 2492 1027 2526 Loco
1056 2504 1094 2536 p.
1119 2493 1200 2528 456.
1226 2494 1403 2535 exscripto
1427 2502 1505 2525 cum
1538 2492 1588 2526 ed.
1615 2491 1854 2526 Meibomiana

362 2544 393 2574 et
418 2540 620 2574 lectionibus
644 2540 771 2574 codicis
787 2540 990 2574 Casinensis
1013 2539 1134 2573 collato
1157 2539 1222 2572 hoc
1246 2541 1439 2572 etiamnum
1464 2539 1651 2572 verisimile
1666 2540 1766 2573 nobis
1782 2543 1832 2572 est
1838 2548 1853 2578 ,·

362 2589 406 2630 cf.
431 2588 537 2629 infra
557 2599 594 2632 p.
618 2589 676 2629 38,
701 2599 736 2622 n.
760 2587 796 2622 h.
845 2587 969 2621 Bonas
993 2587 1166 2630 quasdam
1192 2588 1333 2628 formas
1357 2589 1551 2629 nominum,
1578 2591 1618 2619 ut
1639 2597 1676 2630 p.
1698 2588 1756 2627 37,
1782 2597 1818 2620 n.
1840 2584 1854 2618 i

361 2633 616 2679 Isliberhtum,
650 2635 763 2669 Fallce
792 2644 837 2668 ex
867 2634 962 2669 Ann.
1000 2634 1261 2668 Corbetenstbus
1293 2634 1550 2678 deprompsisse
1582 2633 1672 2666 mihi
1704 2633 1852 2674 videtur,

355 2685 504 2716 econtra
528 2692 618 2725 quae
635 2693 675 2725 p.
699 2682 755 2724 68,
780 2692 816 2717 n.
834 2692 858 2715 v
882 2682 922 2715 de
947 2681 1116 2715 Hadaldo
1143 2681 1281 2714 Ottoni's
1302 2681 1333 2719 Ι,
1359 2682 1558 2714 camerario
1581 2680 1688 2722 affert
1712 2679 1852 2721 aliaque

357 2739 514 2772 prorsus
539 2740 583 2762 ecc
607 2739 670 2763 suo
694 2730 836 2772 inqenio
859 2729 991 2764 hausit.
1113 2730 1148 2772 6)
1181 2727 1444 2762 Observationes
1477 2737 1598 2761 rerum
1631 2729 1663 2760 et
1697 2727 1853 2769 antiqui-

355 2779 477 2810 tatum
503 2777 800 2810 Germanicarum
825 2780 855 2809 et
878 2776 1126 2810 Romanarum
1150 2777 1279 2818 (1763)
1299 2786 1338 2819 p
1364 2776 1434 2811 552
1451 2785 1501 2818 sq.
1623 2775 1658 2816 7)
1689 2773 1758 2806 A‘r
1759 2772 1852 2806 chiv'

365 2823 410 2865 V,
438 2835 475 2867 p.
502 2825 571 2859 525
587 2835 637 2867 sq.
735 2823 772 2868 8)
798 2824 945 2857 Minime
970 2823 1064 2857 hunc
1087 2824 1202 2865 fuisse
1227 2823 1298 2856 libr
1300 2833 1358 2856 um
1383 2823 1445 2865 qui
1468 2832 1562 2854 nunc
1585 2822 1624 2854 in
1649 2820 1853 2854 bibliotheca

359 2870 557 2904 Dresdensi
590 2871 813 2913 adservatur,
850 2871 944 2914 quod
977 2871 1087 2904 Ebert
1121 2871 1272 2912 coniecit,
1308 2880 1353 2903 eoe
1387 2879 1424 2902 eo
1457 2878 1567 2912 appar
1569 2871 1619 2910 et
1656 2867 1748 2911 quod
1781 2876 1854 2900 non

366 2917 512 2997 Cosmaei²
534 2918 746 2997 05606ιέωὲ
778 2918 839 2951 sed
863 2918 956 2951 alios
981 2918 1091 2951 libros
1115 2918 1301 2951 historicos
1326 2919 1471 2959 pvwaetei
1494 2915 1747 2949 widukindum
1773 2924 1855 2947 con-

365 2966 499 2999 tinuert'
515 2993 522 2999 .
605 2992 612 2999 .
680 2993 686 3000 .
746 2993 752 3000 .

1876 977 1911 1004 10

1876 1269 1910 1296 15

1876 1886 1912 1912 25

1876 2825 1914 2852 ⁴5
