2034 3380
387 336 573 373 RERUM
597 335 879 372 GESTARUM
901 335 1277 372 SAXONIGARUM
1301 336 1398 373 LJB.
1423 336 1498 374 III.
1619 340 1688 375 119

202 458 280 512 qui
312 459 557 500 dicuntura
583 456 771 498 Lusikil
801 457 1118 511 potentissime
1140 456 1252 497 vicit
1283 459 1330 498 et
1361 453 1447 498 adb
1474 457 1686 499 ultimam
1699 465 1780 500 963.
1808 447 1814 453 θ

202 517 469 558 servitutem
511 516 678 570 coegit,
726 529 819 556 non
861 515 958 557 sine
999 515 1094 556 sui⁰
1131 516 1288 556 tamen
1329 516 1457 568 gravi
1496 516 1686 559 vulnere

201 572 501 630 nepotisque‘¹
526 574 689 629 optimi
713 574 799 615 viri
821 587 930 615 casu
943 574 969 622 2,
1004 575 1314 615 0101010111111Θ
1343 587 1522 627 quoque
1550 589 1686 629 quam

203 629 532 689 plurimorumf
567 633 792 674 nobilium
824 633 1038 673 virorum.

159 708 177 733 5
343 692 564 734 LXVIII.
627 691 801 732 Erantg
836 692 926 732 duo
959 690 1193 745 subreguli
1219 686 1534 732 Herimannoh
1565 692 1685 742 duci,

200 751 468 792 inimicitiae
501 764 527 792 a
559 750 766 805 patribus
790 750 987 792 vicariae
1018 745 1264 799 relietii·3;
1298 749 1416 791 alter
1436 750 1687 791 vocabatur

202 810 395 857 Selibur,
425 809 543 850 alter
565 809 746 850 Mistav.
799 808 981 850 Selibur
1012 812 1194 863 preerat
1218 804 1484 857 Waarisk·4,
1517 809 1686 850 Mistav

200 864 456 910 Abdritisl.
539 868 659 908 Dum
721 868 915 909 invicem
979 871 1148 921 quamm
1199 880 1335 921 saepe
1397 870 1684 918 accusantur,

199 927 376 968 victusn
406 927 594 968 tandem
626 927 804 968 ratione
827 926 1034 968 Selibur⁰
1065 926 1426 980 condempnatus
1459 928 1528 967 est
1559 926 1686 980 quin-

142 1000 176 1025 10
201 986 381 1027 deciml'
426 985 616 1027 talentis
662 986 842 1039 argenti
887 999 914 1026 a
954 985 1082 1026 duce.
1154 984 1267 1025 Eam
1312 984 1686 1038 dampnationem

200 1044 401 1098 graviter
439 1045 593 1086 ferens
639 1058 766 1085 arma
810 1057 987 1085 sumere
1034 1045 1195 1084 contra
1241 1043 1403 1084 ducem
1450 1043 1684 1097 cogitavit.

201 1103 290 1144 Sed
323 1117 426 1144 cum
458 1103 499 1144 ei
531 1103 643 1144 belli
674 1102 831 1156 copiae
862 1116 955 1143 non
985 1102 1264 1150 sufficerent,
1298 1101 1435 1142 missa
1454 1101 1686 1154 legatione

200 1161 406 1215 postulat
439 1162 685 1215 presidium
719 1161 804 1202 abq
833 1160 1138 1201 Wichmanno
1172 1162 1332 1201 contra
1363 1160 1538 1200 ducem.
1596 1159 1687 1201 Ille

198 1220 346 1261 nichil
383 1220 654 1261 iocundius5
685 1220 868 1268 ducens,
906 1233 1042 1272 quam
1083 1219 1284 1272 aliquam
1325 1218 1582 1259 molestiam
1622 1218 1686 1258 in-

141 1292 174 1317 15
199 1279 319 1320 ferre
351 1280 532 1333 possetr
565 1280 741 1332 patruo,
776 1278 868 1319 cito
901 1291 1004 1318 cum
1036 1277 1170 1319 sociis
1202 1277 1333 1318 adest
1359 1276 1568 1317 Sclavo⁸.
1621 1276 1687 1317 Ut
1734 1286 1749 1335 j

200 1339 351 1378 autem
387 1337 634 1391 suscipitur
664 1337 713 1377 in
743 1336 932 1378 1111101116
964 1331 1345 1384 Wichmaunus‘,
1387 1334 1546 1375 statim
1577 1335 1686 1376 urbs

199 1396 436 1438 obsidione
462 1395 688 1436 vallaturu
716 1395 773 1436 ab
804 1395 1004 1436 inimico.
1057 1394 1238 1435 Ductus
1259 1407 1438 1447 quoque
1460 1393 1686 1434 exercitus

200 1468 228 1495 a
259 1455 375 1496 (11100
406 1454 566 1496 urbem
592 1454 785 1495 obsedit.
837 1453 1045 1501 Interim,
1079 1466 1187 1494 casu
1208 1452 1362 1494 nescio
1384 1466 1442 1492 an
1468 1452 1687 1506 prudenti

201 1513 404 1561 consilio,
430 1510 788 1554 Wichmannust
822 1526 924 1554 cum
957 1512 1115 1566 paucis
1146 1511 1336 1552 urbemv
1363 1513 1432 1552 est
1464 1524 1684 1564 egressus,

140 1585 176 1610 20
201 1572 330 1625 quasi
361 1572 419 1612 ad
452 1572 734 1613 extrahenda
765 1571 852 1612 sibi
883 1571 940 1611 de
973 1571 1117 1611 Danis
1150 1569 1333 1610 auxilia.
1405 1569 1548 1610 Pauci
1590 1569 1686 1611 dies

200 1630 467 1678 intererant,
492 1630 601 1670 dum
624 1630 805 1671 victusw
827 1629 1130 1670 bellatoribus
1157 1630 1204 1669 et
1227 1627 1446 1682 pabulum
1468 1628 1686 1668 iumentis

201 1689 434 1730 defecerat
450 1692 488 1726 ¹.
572 1688 778 1730 Fuerunt
832 1688 971 1728 etiam
1029 1687 1108 1740 qui
1170 1686 1376 1727 dicerent
1432 1685 1682 1726 Sclavumy

201 1747 398 1801 speciem
430 1747 613 1801 quidem
648 1746 758 1788 belli
789 1746 993 1801 gessisse,
1031 1759 1124 1786 11011
1155 1758 1311 1786 verum
1354 1744 1542 1786 bellum.
1614 1744 1687 1785 In-

201 1806 420 1847 credibile
452 1805 725 1847 omnimodis
755 1805 855 1846 1010
887 1804 1118 1845 hominem
1151 1817 1177 1844 a
1209 1816 1349 1858 puero
1381 1802 1515 1844 bellis
1541 1816 1687 1844 assue-

140 1877 174 1902 25
198 1866 298 1904 tum
316 1864 330 1888 ⁷
360 1864 549 1906 bellicas
580 1878 651 1905 res
682 1867 778 1904 tam
810 1863 930 1904 male
961 1864 1226 1917 preparatas
1259 1862 1493 1911 habuisse;
1528 1862 1608 1903 sed
1638 1861 1687 1902 id

201 1923 380 1964 consilii
426 1923 765 1964 machinatumz
814 1922 988 1971 ducem,
1036 1923 1090 1962 ut
1130 1934 1311 1974 quoquo
1352 1922 1488 1975 pacto
1533 1922 1688 1973 posset

200 1983 415 2036 nepotem
446 1981 662 2030 vinceret,
695 1983 749 2021 ut
780 1980 972 2021 saltema
1008 1980 1057 2020 in
1097 1979 1248 2033 patria
1279 1979 1474 2020 salutem
1506 1991 1688 2032 recupe-

200 2042 336 2090 raret,
378 2053 513 2093 quam
555 2040 676 2081 inter
715 2052 916 2093 paganos
957 2038 1141 2092 penitus
1188 2037 1476 2092 perdidisset.
1548 2037 1688 2078 Fame

200 2141 230 2173 a)
255 2140 405 2167 ducuntur
428 2142 460 2167 C.
559 2140 590 2173 b)
614 2141 645 2166 in
669 2141 696 2165 B
710 2142 734 2168 1.
834 2142 861 2171 c)
884 2147 937 2165 suo
962 2140 1053 2166 Saxo.
1153 2137 1184 2170 d)
1207 2139 1254 2164 sui
1278 2139 1347 2164 add.
1373 2139 1437 2166 Bl.
1536 2140 1564 2169 0)
1587 2139 1628 2163 eie
1653 2139 1688 2166 A.

142 2178 177 2203 30
201 2177 262 2204 Β1.
281 2177 308 2204 2.
325 2177 422 2207 διττὴ·
439 2175 571 2204 ceteram
591 2177 622 2204 C.
710 2177 734 2207 f)
752 2176 910 2208 plurimum
929 2175 973 2206 A;
991 2175 1206 2206 quamplurium
1227 2174 1288 2202 ΒΞ.
1372 2173 1402 2206 g)
1421 2176 1520 2199 autem
1541 2174 1608 2200 add.
1627 2173 1688 2201 Β1.

202 2212 234 2244 h)
253 2212 414 2237 hermanno
432 2212 466 2238 A.
535 2211 557 2243 i)
577 2212 686 2237 relictis
706 2212 766 2239 Β1.
830 2211 861 2241 k)
879 2211 968 2235 waris
982 2211 1026 2240 A,·
1044 2210 1163 2234 waariis
1181 2209 1272 2237 Saxo.
1335 2209 1356 2240 1)
1374 2210 1415 2234 sic
1433 2209 1461 2236 h.
1477 2209 1496 2236 l.
1514 2209 1550 2236 A.
1570 2209 1633 2235 Bl.
1649 2208 1688 2240 0,-

202 2246 338 2273 Addritis
362 2247 432 2278 B2;
457 2247 601 2279 spodi-itis
626 2247 716 2274 Saxo.
813 2247 853 2277 m)
878 2248 1055 2271 accusantur
1079 2251 1240 2276 quamsepe
1265 2244 1329 2271 32.
1427 2245 1457 2274 n)
1481 2245 1597 2269 uinctus
1621 2244 1688 2270 Β1.

202 2284 230 2313 o)
252 2283 328 2308 alter
346 2283 452 2308 mistau
473 2283 542 2307 add.
563 2282 624 2309 Bl.
704 2281 736 2314 p)
754 2282 807 2307 XV
827 2282 887 2308 Β1.
906 2282 932 2306 2.
953 2281 1043 2307 Saxo.
1125 2281 1156 2311 q)
1173 2280 1214 2304 eie
1233 2280 1268 2306 Δ.
1287 2280 1349 2304 Bi.
1370 2279 1400 2306 0.
1419 2279 1518 2309 Saum,-
1537 2279 1556 2304 ὁ.
1574 2279 1634 2306 Β2.
1654 2293 1687 2297 -

202 2318 372 2350 wigmanno
391 2318 426 2344 A.
440 2318 465 2342 Β
476 2319 498 2344 1.
517 2318 543 2344 2.
566 2318 663 2347 Saxo,·
680 2318 847 2342 wicmanno
867 2317 898 2341 G.
965 2317 992 2346 r)
1005 2318 1106 2347 posset
1119 2322 1174 2342 om.
1187 2315 1213 2339 Β
1223 2315 1248 2342 2.
1262 2315 1349 2340 Saxo.
1417 2314 1443 2347 8)
1455 2315 1535 2339 flauo
1549 2316 1591 2345 Δ,·
1604 2314 1688 2339 slauo

143 2354 177 2379 35
202 2354 233 2380 C.
254 2354 343 2380 Saxo.
409 2355 432 2384 t)
451 2354 636 2384 wigmannus
656 2353 690 2379 A.
709 2353 736 2377 Β
746 2354 770 2379 1.
789 2353 814 2380 2.
833 2352 922 2378 Saxo.
988 2353 1018 2382 u)
1033 2351 1159 2375 ballatur
1171 2357 1247 2377 corr.
1260 2350 1391 2374 vallatur
1403 2350 1433 2377 0.
1498 2350 1530 2380 v)
1542 2349 1616 2375 urbe
1628 2350 1656 2377 h.
1670 2350 1689 2376 l.

203 2389 262 2413 iam
282 2389 372 2420 Saxo,
392 2389 429 2419 cs.
451 2389 534 2419 infra
553 2396 585 2420 p.
600 2388 660 2419 120,
681 2388 701 2413 l.
717 2389 742 2413 1.
810 2387 850 2418 w)
870 2386 955 2412 uictis
975 2386 1011 2411 Δ.
1078 2387 1110 2415 x)
1129 2384 1304 2410 defecerant
1322 2385 1390 2417 323
1410 2383 1583 2410 desecarent
1601 2385 1688 2412 Saxo.

202 2429 234 2456 y)
252 2423 362 2448 flauum
382 2425 426 2493 ,γ
443 2424 558 2449 slauum
578 2423 609 2449 C.
629 2423 718 2450 Saxo.
796 2421 823 2455 z)
849 2420 954 2447 ducem
972 2421 1068 2448 mach.
1085 2421 1148 2448 Bl.
1230 2422 1260 2451 a)
1278 2420 1404 2445 salutem
1422 2420 1453 2445 in
1472 2420 1571 2452 patria
1589 2427 1687 2452 recup.

201 2458 318 2490 (saltem
339 2465 394 2485 om.
424 2460 461 2486 Δ.

205 2539 239 2585 1)
266 2540 404 2573 Incolae
424 2539 596 2573 Dusatiae
618 2540 815 2581 inferioris.
863 2539 916 2581 Cf.
942 2539 1129 2572 Mmmler
1147 2549 1187 2581 p.
1205 2538 1286 2578 384,
1307 2548 1343 2572 n.
1361 2538 1395 2572 5.
1442 2537 1540 2571 C'ont.
1562 2537 1689 2579 Reqin.

143 2594 178 2619 4ο
204 2598 237 2622 a.
272 2588 362 2622 963:
402 2585 523 2620 Sclavi
560 2586 621 2629 qui
657 2585 828 2620 dicuntur
863 2584 1032 2619 Lusizani
1067 2584 1283 2619 subduntur.
1404 2585 1441 2627 2)
1477 2584 1538 2616 Ad
1573 2583 1690 2624 filium

204 2634 432 2677 Siqifridum‚
459 2635 559 2666 euius
582 2634 789 2666 mentionem
818 2633 910 2674 facit
940 2632 1133 2666 Thietmar.
1162 2631 1216 2674 II,
1246 2633 1288 2666 19
1314 2631 1378 2672 (of.
1403 2641 1518 2673 supra
1545 2640 1584 2672 p.
1609 2631 1689 2671 115,

204 2692 239 2715 n.
258 2683 308 2723 7),
330 2680 415 2714 haec
433 2690 655 2723 nequaquam
675 2683 830 2723 spectare
849 2682 959 2722 patet.
999 2678 1238 2719 Heinemann,
1262 2675 1378 2711 ‘Gero’
1395 2687 1434 2719 Ρ.
1454 2678 1534 2717 150,
1555 2687 1589 2710 n.
1607 2677 1688 2711 254.

205 2727 241 2772 3)
277 2728 450 2761 Similiter
482 2737 596 2772 supra
626 2738 662 2771 p.
689 2727 747 2767 43,
777 2726 798 2760 l.
824 2727 867 2761 8:
902 2725 1072 2759 adversus
1105 2735 1214 2768 quam
1247 2723 1319 2757 iam
1355 2723 1443 2756 olim
1476 2721 1624 2766 reliquit
1656 2722 1689 2756 ei

204 2776 309 2818 pater
324 2774 504 2809 militiam.
588 2773 625 2818 4)
646 2773 799 2815 Waqrst,
815 2772 965 2805 ducatus
978 2772 1162 2806 Holsatiae
1178 2771 1362 2804 orientalis
1377 2770 1521 2811 incolae,
1533 2769 1691 2812 Apodri-

145 2827 181 2852 45
205 2823 323 2854 torum
355 2823 474 2863 vicini,
509 2831 580 2855 esse
612 2821 785 2854 videntur.
844 2819 897 2852 De
922 2819 1053 2852 Mistav
1087 2820 1131 2860 cf.
1158 2817 1334 2859 Westberq
1365 2816 1386 2851 l.
1412 2817 1434 2851 l.
1464 2827 1504 2860 p.
1531 2818 1600 2851 113
1615 2826 1690 2859 sqq.

207 2867 243 2912 5)
270 2867 327 2909 Cf.
351 2879 466 2911 supra
488 2879 527 2912 p.
553 2870 611 2910 39,
638 2868 661 2902 l.
686 2869 753 2902 20:
779 2865 863 2909 quia
887 2864 999 2899 nichil
1025 2864 1059 2898 01
1084 2892 1092 2900 .
1120 2892 1128 2900 .
1156 2892 1163 2899 .
1190 2862 1389 2906 iocundius,
1413 2861 1526 2896 nichil
1551 2861 1691 2896 dulcius

208 2925 284 2948 0880
307 2915 422 2958 possit
446 2925 556 2958 quam
581 2918 637 2950 etc.
760 2913 795 2958 6)
825 2913 879 2946 De
905 2912 1105 2954 oldenburq
1130 2910 1352 2954 (Starqard)
1376 2910 1539 2952 ooyitavit
1562 2908 1691 2942 Hauck

207 2961 282 3004 III,
313 2971 354 3003 p.
380 2962 458 2997 108.
580 2961 615 3006 7)
641 2961 773 3004 Verqil.
798 2960 885 2995 Aen.
911 2958 980 3002 IX,
1007 2971 1036 2994 v.
1063 2960 1151 2994 201:
1182 2956 1288 2992 bellis
1313 2956 1482 2990 adsuetus
1506 2954 1692 3000 Opheltes.
