2034 3380
384 338 567 375 RERUM
594 337 876 375 GESTARUM
899 337 1278 373 SAXONICARUM
1300 337 1399 374 LIB.
1423 336 1476 374 H.
1630 339 1677 373 73

186 460 277 501 Hic
308 460 504 515 pecunia
535 459 682 502 multa
713 461 875 514 captus
907 461 954 500 et
986 459 1147 500 maiori
1178 459 1476 513 promissione
1497 472 1676 514 persua·
1690 465 1770 500 939.

185 532 261 560 sus
307 519 538 573 professus
584 520 654 560 est
699 521 774 560 sea
818 518 1010 573 prodere
1052 517 1301 571 regionem.
1372 517 1506 559 Unde
1547 517 1678 572 quasi

185 577 366 619 occulte
412 577 594 632 elapsus
638 577 766 619 venit
810 577 859 618 in
905 576 1066 618 urbem
1112 589 1228 630 quae
1269 575 1439 617 dicitur
1479 576 1677 618 Brenna-

185 631 389 689 burgh-1,
431 649 459 677 a
489 635 750 691 populoque
781 635 967 690 agnitus
998 637 1046 676 et
1076 636 1130 676 ut
1171 634 1383 676 dominus
1424 637 1675 689 susceptus,

144 708 161 733 ⁵
184 695 234 735 in
273 695 399 736 brevi
438 708 555 748 quae
596 695 805 749 promisit
842 694 1050 749 inplevit.
1111 693 1232 734 Nam
1272 694 1488 748 nepotem
1529 707 1675 742 suum,

185 753 263 807 qui
304 767 357 795 ex
397 753 607 794 omnibus
654 753 938 808 principibus
979 753 1156 807 gentis⁰
1203 748 1487 807 supereratd,
1530 752 1588 793 ad
1630 765 1677 794 se

182 811 383 853 invitans
414 811 520 854 dolo
553 815 738 867 captum
770 813 1052 861 interfecite,
1094 812 1345 865 urbemque
1384 825 1488 853 cum
1520 806 1673 852 omnif

182 871 368 925 regione
400 870 567 912 ditioni
596 871 750 926 regiae
780 871 976 913 tradidit
990 871 1018 911 ².
1082 869 1183 922 Quo
1214 870 1341 912 facto
1381 883 1539 912 omnes
1580 870 1678 911 bar-

185 930 320 971 barae
352 930 561 971 nationes
602 944 745 984 usque
786 930 835 971 in
867 929 1096 972 Oderamg
1130 929 1320 971 fluvium
1361 929 1500 970 simili
1542 929 1676 971 modo

125 1002 159 1026 ιο
183 988 370 1030 tributis
401 988 634 1044 regalibus
666 1002 712 1031 se
744 984 1095 1043 subiugarunth.

324 1047 482 1088 XXII.
535 1047 782 1090 Heinricus
827 1048 971 1102 igitur
1012 1047 1250 1089 discedens
1291 1060 1318 1088 a
1358 1047 1554 1088 Saxonia
1595 1047 1677 1088 Lo-

182 1106 358 1148 tharios
389 1107 557 1148 iterum
599 1107 715 1148 adiit
755 1109 802 1148 et
843 1121 948 1148 cum
987 1106 1186 1161 genero3
1217 1119 1311 1156 suo,
1351 1107 1466 1147 duce
1498 1106 1676 1148 scilicet

184 1161 480 1215 Isilberhtoi,
514 1179 619 1207 cum
650 1166 743 1206 suis
774 1165 1000 1207 militibus
1030 1165 1315 1219 aliquamdiu
1355 1167 1559 1206 moratus
1591 1167 1674 1206 est.

184 1223 360 1265 Iterum
406 1224 592 1264 ducitur
637 1225 864 1266 exercitus
905 1238 932 1264 a
971 1237 1079 1277 rege
1124 1226 1284 1265 contra
1324 1220 1673 1273 Isilberhtumk,

125 1294 158 1320 1⁵
183 1283 230 1323 et
261 1281 408 1323 omnis
439 1283 566 1336 regio
588 1282 914 1324 Lothariorum
944 1282 1070 1323 illius
1101 1282 1293 1337 imperio
1315 1282 1556 1324 subiacens
1577 1283 1676 1337 igni

182 1340 402 1391 traditum
436 1341 735 1395 obsessusque
766 1342 815 1382 in
846 1341 959 1383 urbe
990 1355 1107 1395 quae
1139 1341 1309 1383 dicitur
1330 1341 1632 1382 Kievermont
1644 1340 1672 1391 4,

182 1399 363 1454 elapsus
403 1399 512 1441 inde
548 1400 866 1454 proficiscitur.
929 1400 989 1441 Et
1030 1414 1133 1442 cum
1174 1400 1352 1441 obsidio
1394 1400 1674 1442 difficultate

181 1458 385 1500 locorum
401 1457 417 1483 ⁵
447 1472 608 1513 parum
631 1459 898 1514 procederet
911 1458 938 1508 ⁶,
962 1461 1143 1500 vastata
1163 1459 1366 1513 undique
1388 1459 1574 1513 regione
1596 1473 1675 1501 rex

182 1517 229 1558 in
263 1516 504 1559 Saxoniam
537 1518 785 1560 revertitur
799 1518 826 1558 ⁷.

323 1576 509 1616 XXIII.
563 1576 719 1618 Sciens
760 1579 915 1619 autem
959 1577 1170 1619 comitem
1213 1572 1476 1618 Isilberhti¹
1526 1590 1673 1618 versu-

182 1637 282 1675 tum
330 1637 377 1676 et
423 1634 639 1676 callidum
693 1636 827 1677 nimis
874 1636 1057 1677 nomine
1104 1635 1447 1685 Immonemm·3‚
1496 1636 1674 1677 artibus

182 1693 307 1735 illius
339 1693 503 1736 melius
535 1694 785 1736 arbitratus
818 1697 887 1736 est
917 1708 1123 1750 pugnare
1144 1708 1281 1749 quam
1313 1694 1536 1736 armis”·⁹.
1585 1694 1674 1736 Ille

182 1766 302 1802 vero,
335 1755 389 1793 ut
415 1755 514 1794 erat
539 1754 860 1804 astutissimus,
895 1753 1074 1795 meliori
1105 1767 1158 1795 ac
1185 1753 1348 1795 maiori
1379 1767 1426 1795 se
1458 1753 1672 1803 subdens,

183 1824 309 1852 arma
340 1811 480 1869 sumit
511 1814 671 1853 contra
704 1813 887 1862 ducem;
921 1813 1043 1866 quod
1063 1812 1161 1867 ipse
1193 1812 1286 1853 dux
1316 1812 1521 1854 omnium
1553 1812 1674 1853 labo-

123 1882 158 1908 25
182 1880 283 1910 rum
315 1870 580 1925 gravissime
610 1870 735 1922 tulit,
769 1872 876 1925 quia
907 1885 1012 1913 eum
1043 1871 1131 1913 sibi
1166 1872 1406 1913 adversum
1447 1871 1673 1912 sustinere

183 1928 428 1980 debuisset,
472 1930 600 1971 cuius
642 1929 832 1971 consilio
871 1944 923 1972 ac
964 1930 1073 1971 fidei
1112 1930 1337 1972 hactenus
1384 1943 1431 1971 se
1478 1930 1673 1971 maxime

183 1988 412 2030 credebat.
483 1988 698 2042 Augebat
738 2003 917 2043 quoque
957 1989 1324 2044 indignationem
1365 1989 1521 2030 ducis⁰
1564 2002 1674 2043 grex

183 2060 422 2100 porcorum
476 2047 533 2088 ab
585 2047 793 2089 Immone
845 2048 1011 2090 callide
1063 2050 1239 2102 captus.
1322 2047 1441 2088 Nam
1492 2047 1674 2088 subulci

185 2105 340 2146 ducisp
378 2119 482 2147 cum
514 2107 675 2147 contra
705 2108 887 2161 portas‘l
924 2107 1051 2148 urbis
1081 2107 1345 2156 transirent,
1388 2106 1536 2147 Immo
1576 2119 1673 2160 por-

125 2206 159 2232 30
183 2209 212 2238 a)
230 2214 263 2233 se
283 2215 338 2235 om.
358 2208 388 2235 C.
454 2207 485 2241 b)
504 2208 694 2234 brandeburh
708 2209 807 2240 Saoeaen
825 2207 1043 2241 Brandeuburg
1054 2209 1116 2236 132.
1183 2210 1211 2241 e)
1222 2209 1362 2241 gentibus
1377 2209 1407 2235 C.
1474 2207 1504 2242 d)
1517 2211 1674 2240 superaret

182 2243 209 2267 B
222 2244 247 2270 1.
311 2244 339 2275 e)
358 2242 500 2268 interficit
519 2243 550 2269 C.
615 2243 638 2274 f)
657 2244 737 2269 omni
755 2251 811 2272 om.
828 2245 890 2271 ΒΖ.
909 2245 1001 2270 Saxo.
1067 2243 1098 2277 g)
1115 2242 1246 2270 Odoram
1264 2244 1326 2270 ΒΞ.
1389 2245 1421 2275 h)
1440 2244 1673 2275 subiugauerunt

182 2278 209 2303 B
228 2279 253 2305 1.
343 2278 364 2309 i)
390 2278 523 2304 isilberto
543 2279 570 2303 A
588 2286 717 2310 semper‚·
735 2280 895 2305 Isilbertho
914 2280 983 2311 B2;
1003 2279 1137 2305 isberhto
1156 2280 1195 2310 0,·
1213 2279 1376 2311 giselberto
1395 2280 1497 2309 Frut.,·
1518 2279 1672 2311 gisilberto

183 2313 270 2339 Saxo.
369 2314 401 2347 k)
429 2314 619 2339 Isilberthum
647 2315 725 2346 B2;
755 2315 942 2340 hisberhtum
967 2315 999 2342 C.
1087 2315 1109 2345 l)
1137 2314 1355 2341 Giselberthum
1383 2315 1410 2340 B
1425 2315 1459 2346 2;
1492 2315 1618 2340 isberhti
1642 2315 1674 2343 C,

182 2350 222 2379 m)
246 2356 415 2381 ymmonem
434 2350 460 2374 A
478 2356 600 2381 semper,
680 2351 713 2380 n)
740 2349 847 2376 cedere
873 2351 941 2377 add.
960 2351 997 2375 A.
1086 2353 1114 2382 ο)
1139 2350 1206 2376 duci
1226 2351 1288 2377 ΒΞ.
1373 2350 1406 2383 p)
1430 2350 1520 2382 ipsius
1546 2351 1574 2378 h.
1593 2351 1613 2375 l.
1635 2351 1671 2382 A,

124 2382 157 2408 35
182 2391 240 2408 non
258 2385 288 2409 in
307 2385 326 2411 l.
339 2385 384 2417 27,
404 2387 434 2409 ut
453 2385 483 2409 in
503 2385 568 2412 edit.
587 2385 742 2416 prioribus
761 2388 940 2413 annotatum.
1030 2387 1060 2417 q)
1080 2393 1186 2418 porcos
1204 2385 1268 2413 ΒΞ.

183 2454 218 2499 1)
247 2455 395 2495 Quando
419 2459 450 2489 et
474 2457 644 2499 quomodo
669 2457 756 2490 urbs
780 2467 804 2489 a
828 2457 946 2490 Slam’s
970 2460 1179 2500 recuperata
1203 2458 1326 2499 fuerit,
1361 2458 1503 2490 minime
1527 2459 1672 2492 constat.

181 2502 219 2546 2)
246 2502 314 2535 Sed
346 2503 420 2545 ipse
449 2503 515 2536 sub
540 2503 671 2536 ditione
694 2505 791 2546 reyis
817 2504 969 2547 posthac
999 2504 1076 2537 illis
1109 2504 1242 2546 finibus
1270 2504 1478 2547 praefuisse
1510 2504 1674 2544 videtur,·

182 2548 379 2591 Dammler‚
406 2548 497 2583 ‘Otto
529 2549 563 2585 d.
592 2549 669 2586 Gr.’
689 2560 729 2593 Ρ.
748 2552 828 2586 103.
950 2551 987 2596 3)
1022 2551 1054 2589 Ι,
1081 2561 1107 2586 e.
1141 2552 1280 2585 sororis
1312 2552 1466 2593 marito5
1502 2551 1671 2594 Bouquet,

183 2595 350 2629 ‘Recueil'
369 2596 474 2638 VIII,
491 2607 531 2639 Ρ.
548 2597 630 2639 218,
652 2607 688 2632 n.
706 2597 741 2632 b.
811 2598 851 2641 4)
869 2597 1093 2632 Chevremont
1104 2609 1219 2642 prope
1234 2598 1417 2633 Leodium.
1454 2598 1507 2631 De
1522 2601 1674 2640 tempore

123 2649 159 2674 40
183 2642 290 2676 huius
318 2643 514 2677 obsidionis
546 2644 593 2684 cf.
618 2643 704 2687 Rey.
730 2644 823 2687 Imp.
847 2645 902 2686 II,
926 2656 981 2680 nr.
999 2645 1085 2680 7712.
1207 2646 1243 2689 5)
1280 2645 1377 2678 Erat
1407 2644 1597 2678 castellum
1627 2672 1635 2679 .
1662 2669 1672 2678 .

183 2689 435 2734 ingeniisrnon
458 2690 576 2724 solum
601 2689 802 2734 hominum,
826 2701 954 2725 verum
978 2694 1109 2726 natura
1133 2691 1211 2736 ipsa
1236 2692 1419 2725 munitum
1443 2691 1671 2734 Liudprand.

181 2736 254 2779 IV,
279 2738 335 2772 34.
386 2737 440 2780 Cf.
468 2737 656 2771 Dammler
679 2738 703 2774 l.
728 2739 752 2773 l.
777 2749 818 2781 Ρ.
842 2739 901 2782 87,
927 2749 963 2774 π.
993 2742 1022 2775 1.
1120 2738 1157 2783 6)
1186 2739 1334 2774 Sallust.
1359 2739 1441 2781 luy.
1470 2749 1498 2773 o.
1520 2740 1588 2773 46:
1617 2737 1673 2771 sin

183 2783 221 2817 id
241 2794 370 2828 parum
391 2783 576 2828 procedat.
654 2786 691 2829 7)
715 2785 813 2819 Tunc
833 2786 890 2819 die
909 2785 1004 2829 Sept.
1023 2787 1077 2821 11.
1098 2787 1328 2829 privaeyium
1350 2786 1445 2819 dedit
1465 2785 1503 2819 in
1525 2784 1672 2819 civitate

182 2829 388 2875 Vuerlah83
412 2832 495 2867 DD.
517 2832 549 2874 I,
569 2843 610 2875 Ρ.
629 2833 697 2868 109
713 2843 765 2876 sq.
861 2832 899 2877 8)
924 2833 978 2866 De
1002 2833 1066 2866 hoo
1089 2834 1210 2867 comite
1233 2834 1303 2875 eyit
1326 2843 1442 2876 nuper
1468 2832 1511 2867 G.
1534 2832 1671 2875 Kurth,

123 2883 158 2909 45
184 2877 368 2912 ‘Bulletine
391 2878 433 2912 de
455 2879 657 2913 l’academie
679 2880 802 2922 royale
825 2879 885 2914 des
907 2880 1064 2922 πίθησθε,
1089 2879 1148 2913 des
1172 2880 1290 2914 lettres
1313 2884 1345 2913 et
1367 2880 1428 2914 des
1447 2879 1673 2913 bouum-arte

182 2924 224 2957 ae
247 2923 438 2968 Βᾶθι-με’,
462 2936 530 2961 ser.
555 2926 630 2969 III,
656 2931 680 2962 t.
705 2926 862 2960 XXXV
877 2928 1016 2970 (1898),
1046 2938 1085 2970 p.
1111 2927 1323 2963 320—333.
1414 2926 1450 2972 9)
1478 2926 1535 2968 Cf-
1561 2926 1606 2964 B.
1630 2927 1672 2961 de

182 2971 334 3014 Simon,
361 2971 419 3007 w.
445 2972 590 3007 Δίνων
614 2973 698 3017 XV,
725 2985 764 3017 p.
791 2975 873 3010 575.
