2034 3380
380 341 450 375 124
974 337 1266 373 WIDUKINDI

286 467 365 502 969.
379 458 570 499 victoria
601 457 803 499 illustres
834 458 949 499 facti
981 459 1028 499 et
1059 457 1216 512 spoliis
1248 457 1451 498 hostium
1488 456 1654 498 ditati1
1684 458 1742 499 ad
1779 458 1858 499 im·

379 519 635 570 peratorem
666 517 835 558 reversi
866 518 986 557 sunt.
1826 560 1828 562 v

521 575 774 616 LXXIII.a
853 574 1056 628 Populus
1114 576 1268 616 autem
1321 572 1859 628 Constantinopolitanus

380 629 597 675 audiensb
644 647 669 674 a
716 633 808 674 suis
855 633 972 675 male
1014 634 1267 686 pugnatum
1283 633 1311 681 ²,
1360 634 1740 674 consurrexerunt
1786 631 1859 672 ad-

380 705 535 733 versus
566 692 902 746 imperatorem·
921 705 1053 732 suum
1085 692 1132 732 et
1163 691 1503 732 machinatione
1536 690 1741 744 coniugis
1764 703 1859 744 pro·
1884 704 1902 731 ⁶

380 751 505 804 priae
528 750 764 791 cuiusdam
792 750 951 791 militis
973 749 1150 790 insidiis
1171 749 1450 799 occiderunt,
1474 749 1665 803 locoque
1688 748 1861 790 domini

213 822 294 852 (Dec.
308 823 366 854 11).
381 809 574 850 militem
604 809 822 862 imperio⁰
858 808 1149 862 designantes
1163 807 1191 846 3.
1245 804 1563 848 Constitutusd
1596 809 1751 848 autem
1781 821 1861 848 rex

381 867 629 908 continuo4
654 867 856 921 captivos
879 866 1088 916 absolvit,
1122 865 1323 919 puellam
1346 879 1449 906 cum
1470 879 1636 919 magno
1658 865 1861 907 exercitu

381 928 427 966 et
459 925 593 966 claris
625 925 889 966 muneribus
930 925 988 965 ad
1028 925 1348 978 imperatorem
1391 924 1651 965 destinavit.
1714 922 1859 974 Quam

286 992 366 1026 972.
380 984 476 1037 ipse
509 983 666 1024 statim
698 983 792 1024 filio
823 983 1029 1032 tradidit,
1064 982 1394 1036 celebratisque
1426 982 1666 1036 magnifice
1686 981 1861 1036 nuptiis
1887 996 1922 1021 10

380 1055 559 1083 omnem
611 1041 798 1082 Italiam
860 1055 996 1095 super
1050 1041 1137 1082 hoc
1199 1043 1246 1082 et
1298 1040 1588 1082 Germaniam
1650 1039 1862 1082 laetiores

379 1100 595 1141 reddidit.
673 1099 739 1141 Eo
784 1101 1003 1154 tempore,
1051 1113 1140 1153 quo
1189 1100 1301 1140 haec
1346 1099 1471 1140 intra
1510 1098 1696 1139 Italiam
1742 1111 1862 1152 gere-

382 1159 563 1208 bantur,
598 1171 800 1199 summus
841 1158 1051 1212 pontifex
1084 1157 1444 1208 Wilhelmus⁰·5,
1486 1158 1555 1198 vir
1595 1157 1775 1211 sapiens
1816 1158 1863 1198 et

380 1217 593 1271 prudens,
628 1218 729 1271 pius
762 1219 809 1258 et
841 1217 1017 1258 cunctis
1050 1215 1249 1257 affabilis
1264 1216 1291 1265 ⁶,
1325 1230 1351 1257 a
1378 1218 1508 1270 patre
1532 1216 1619 1257 sibi
1641 1228 1863 1257 commen-

381 1276 541 1316 datum
571 1275 761 1327 regebat
794 1275 1072 1315 Francorum
1103 1274 1358 1328 imperium.
1888 1286 1922 1312 15

522 1328 803 1373 LXXIIII.f
869 1332 1010 1374 Cuius
1050 1335 1208 1383 mater,
1252 1332 1361 1374 licet
1394 1331 1675 1386 peregrina⁷‚
1718 1331 1863 1373 nobili

380 1393 536 1433 tamen
568 1393 696 1432 eratg
721 1404 886 1445 genere
918 1393 1169 1445 procreata.
1222 1390 1311 1432 Hic
1343 1404 1448 1432 cum
1479 1390 1681 1432 audisset
1712 1403 1863 1444 aegro-

287 1458 366 1492 968.
380 1452 480 1490 tare
532 1450 732 1503 coepisse
794 1451 987 1490 matrem
1037 1449 1345 1503 imperatoris,
1408 1449 1549 1490 mirae
1605 1448 1864 1489 sanctitatis

381 1508 613 1554 feminam,
654 1508 837 1549 nomine
877 1502 1233 1557 Mahthildamh‚
1278 1508 1475 1560 dumque
1517 1507 1614 1547 eius
1653 1508 1864 1560 expectat

214 1580 319 1609 (Mart.
330 1580 369 1612 2).
381 1566 534 1616 funus,
567 1566 749 1620 proprio
780 1566 943 1607 funere
973 1566 1116 1619 ipsius
1147 1566 1287 1606 funus
1318 1560 1571 1619 procediti.
1633 1565 1704 1606 De
1735 1565 1864 1606 cuius
1889 1579 1925 1604 so

383 1620 549 1666 laudek
585 1625 622 1665 si
659 1625 832 1678 aliquid
866 1624 1015 1666 dicere
1048 1624 1268 1678 cupimus,
1303 1624 1550 1672 deficimus,
1593 1624 1700 1677 quia
1731 1636 1863 1665 omne

384 1685 702 1738 argumentum
766 1683 988 1736 ingenioli
1048 1683 1193 1724 nostri
1255 1685 1441 1736 superat
1497 1682 1643 1723 virtus
1703 1684 1863 1723 tantae

382 1742 595 1783 feminae.
660 1741 770 1792 Quis
803 1741 924 1783 enim
965 1741 1102 1795 digne
1144 1741 1286 1795 possit
1327 1740 1553 1795 explicare
1594 1736 1714 1782 eius¹
1754 1740 1863 1794 vigi-

383 1800 576 1841 lantiam
617 1814 726 1854 erga
771 1800 947 1841 cultum
989 1799 1225 1840 divinum?
1296 1798 1454 1840 Omnis
1494 1799 1613 1840 nox*3
1652 1798 1862 1840 omnibus

384 1859 528 1899 modis
570 1860 616 1900 et
660 1859 783 1899 omni
823 1871 988 1913 genere
1031 1858 1243 1899 cellulam
1293 1871 1420 1898 suam
1468 1857 1725 1898 divinorum
1772 1870 1863 1898 car—
1887 1869 1923 1895 25

383 1917 557 1957 minum
605 1917 802 1957 melodia
843 1916 1063 1970 inplebat.
1142 1916 1253 1956 Erat
1293 1916 1413 1957 enim
1461 1916 1541 1957 einl
1581 1915 1749 1956 cellula
1793 1928 1862 1956 66-

384 1974 548 2016 clesiae
594 1975 816 2029 proxima,
863 1975 911 2015 in
953 1989 1042 2028 qua
1081 1975 1258 2016 modice
1296 1974 1628 2028 requiescebat,
1677 1974 1734 2015 de
1775 1987 1864 2027 qua

383 2033 593 2074 omnibus
634 2033 846 2074 noctibus
887 2047 1162 2086 consurgens
1201 2033 1346 2074 intrat
1383 2032 1632 2082 ecclesiam,
1674 2031 1864 2073 nichilo-

383 2092 533 2133 minus
565 2091 827 2133 cantoribus
860 2093 906 2133 et
938 2091 1242 2133 cantricibusn
1277 2091 1401 2132 intra
1441 2090 1653 2132 cellulam
1696 2094 1743 2132 et
1782 2103 1863 2144 pro

382 2205 412 2237 a)
439 2206 590 2232 LXXIIII.
609 2206 637 2232 C.
727 2205 758 2235 b)
781 2212 799 2230 a
818 2205 878 2230 suis
896 2203 1021 2230 audiens
1040 2205 1100 2232 132.
1125 2219 1160 2223 —
1184 2205 1221 2230 In
1240 2205 1290 2229 Bl
1309 2205 1382 2235 folio
1401 2205 1495 2229 exciso
1514 2211 1585 2236 quae
1605 2206 1761 2236 sequuntur
1778 2209 1865 2236 usquo
1887 2203 1924 2229 80

383 2241 422 2264 ad
452 2241 539 2265 verba
570 2240 699 2266 externis
730 2243 835 2265 cuncta
866 2243 945 2265 retro
975 2241 1012 2270 (c,
1039 2240 1163 2271 LXXV,
1190 2247 1222 2271 p.
1247 2240 1307 2271 126,
1338 2240 1357 2267 l.
1381 2241 1428 2270 17)
1459 2240 1667 2266 desiderantur.
1774 2237 1802 2270 c)
1831 2238 1863 2263 in

382 2276 503 2306 imperio
523 2276 584 2302 B2.
674 2275 703 2306 d)
728 2275 876 2300 Constitus
897 2275 926 2302 C,
1015 2276 1042 2306 e)
1066 2276 1106 2300 sic
1124 2275 1152 2301 h.
1170 2275 1189 2301 l.
1208 2275 1269 2301 132.
1288 2275 1319 2300 0.
1403 2275 1428 2305 f)
1453 2275 1566 2301 LXXV.
1585 2274 1615 2301 C.
1697 2272 1728 2305 g)
1751 2279 1863 2305 genere

383 2314 446 2335 erat
464 2311 526 2337 152.
604 2309 636 2342 h)
661 2308 835 2335 Mathildam
854 2310 914 2336 ΒΞ.
935 2310 966 2335 C.
1047 2309 1069 2342 i)
1095 2310 1246 2341 praecedit
1263 2310 1326 2334 32.
1408 2309 1439 2340 k)
1463 2309 1551 2334 laude
1570 2315 1624 2336 om.
1643 2308 1674 2335 0.
1752 2307 1775 2340 l)
1800 2307 1862 2333 eius

384 2352 438 2372 om.
458 2345 488 2371 C.
559 2345 599 2375 m)
619 2345 647 2369 ei
667 2352 722 2370 om.
743 2345 772 2371 C.
844 2346 875 2375 n)
894 2345 1105 2369 cantatricibus
1123 2345 1184 2372 132.

384 2438 419 2480 1)
439 2436 576 2470 Eadem
593 2438 665 2479 fere
681 2437 783 2470 verba
801 2438 839 2470 in
858 2436 986 2471 Chron.
1006 2437 1143 2472 Salem.
1167 2446 1194 2469 o.
1213 2438 1301 2472 173:
1325 2434 1597 2479 auferentesque
1616 2435 1732 2479 spolia
1747 2435 1864 2469 multa
1888 2443 1923 2470 85

383 2483 488 2517 ditati
513 2486 596 2517 sunt
619 2483 734 2519 valde.
858 2483 893 2528 2)
930 2484 985 2525 Cf.
1020 2494 1134 2527 supra
1163 2494 1201 2526 p.
1227 2485 1284 2524 31,
1315 2487 1337 2518 l.
1366 2484 1430 2518 16:
1463 2481 1628 2516 Audiens
1653 2484 1774 2516 autem
1798 2492 1864 2516 rex

382 2530 477 2564 male
514 2533 716 2574 pugnatum
754 2541 775 2563 a
811 2529 932 2565 fratre.
989 2530 1114 2563 Necem
1146 2529 1338 2572 Nicephori
1372 2529 1438 2562 illa
1470 2530 1568 2562 clade
1600 2533 1761 2562 emm-tam
1793 2538 1864 2562 esse

382 2581 505 2611 auctor
523 2588 715 2620 perperam
739 2578 889 2611 coniecit.
1010 2576 1046 2621 3)
1072 2577 1295 2619 Nicephorus
1318 2575 1467 2619 Phocus,
1494 2577 1691 2619 imperator
1714 2576 1796 2609 inde
1819 2574 1864 2608 ab

384 2626 464 2665 963,
488 2625 615 2657 ‘umoris
639 2624 857 2666 Theophanu
882 2623 1024 2657 insidiis
1047 2635 1070 2656 α
1094 2623 1252 2656 Iohanne
1277 2623 1454 2656 Tzimiske
1477 2626 1574 2656 nocte
1596 2633 1637 2655 ea
1661 2633 1749 2665 quae
1772 2622 1863 2656 diem

384 2673 439 2706 11.
457 2671 537 2705 Dec.
556 2672 635 2706 969.
656 2671 837 2714 praecedit
853 2672 982 2703 occisus
1003 2675 1077 2711 est,·
1099 2670 1279 2703 Iohannes
1295 2670 1380 2713 imp.
1405 2671 1613 2702 constitutus
1635 2668 1863 2712 Theophanu,
1887 2675 1925 2701 ιο

381 2719 511 2751 mem-is
534 2728 620 2750 suae
642 2722 787 2761 neptem,
813 2717 970 2750 Romani
985 2717 1036 2752 ΙΙ.
1061 2716 1186 2758 filiam,
1212 2717 1422 2750 transmisit.
1465 2715 1520 2756 Cf.
1546 2715 1686 2758 Uhlirz,
1705 2714 1863 2756 ‘Byzan-

382 2764 526 2797 tim'sche
550 2764 735 2799 Zeitschr!
761 2764 829 2807 IV,
860 2775 896 2807 p.
922 2765 991 2799 467
1009 2774 1081 2806 sqq.
1183 2764 1219 2807 4)
1248 2764 1356 2796 Anno
1378 2763 1515 2796 demum
1539 2763 1618 2796 972.
1715 2761 1754 2806 5)
1778 2761 1863 2794 Suo-

383 2814 531 2844 cesserat
559 2811 748 2844 Friderico
781 2822 815 2845 a.
841 2812 920 2846 954.
1030 2811 1065 2854 6)
1102 2809 1157 2851 Cf.
1186 2820 1300 2852 supra
1331 2821 1366 2852 p.
1393 2810 1450 2849 61,
1479 2808 1506 2843 vl.
1534 2809 1578 2843 13
1595 2818 1644 2850 sq.
1677 2808 1718 2840 de
1752 2807 1864 2841 Eber-

383 2857 497 2890 hardo
512 2858 614 2890 duce:
634 2857 786 2891 affabilis
802 2856 1056 2892 mediocribus.
1139 2855 1174 2901 7)
1194 2856 1277 2891 Scil.
1294 2856 1500 2894 §ssavoniam
1522 2854 1715 2889 Thietmar.
1732 2854 1786 2897 II,
1804 2855 1862 2890 35.

383 2903 500 2935 Natus
523 2908 573 2936 est
593 2904 799 2937 Wilhelmus
824 2915 857 2938 a.
876 2904 965 2947 928;
993 2904 1089 2938 Gont.
1107 2903 1232 2945 Reyin.
1249 2902 1284 2938 h.
1302 2912 1335 2937 a.
1421 2900 1457 2946 8)
1478 2901 1531 2943 Cf.
1551 2901 1632 2934 Vita
1649 2900 1863 2934 Mahthadie
1886 2907 1923 2933 4⁶

382 2959 450 2983 rec.
475 2960 502 2984 c.
530 2952 585 2992 10,
612 2950 675 2984 SS.
701 2950 770 2991 IV,
795 2961 835 2993 p.
860 2952 941 2986 290.
