2034 3380
366 327 551 363 RERUM
576 324 859 363 GESTABUM
881 323 1261 361 SAXONICARUM
1285 322 1381 359 LIB.
1407 322 1438 359 I.
1604 324 1649 359 31

1664 430 1745 466 913.

161 449 357 492 fulmine
392 449 509 492 caeli
546 450 700 491 tactus
739 459 884 500 eoque
923 446 1022 488 ictu
1063 445 1313 487 dissolutus
1354 442 1506 488 diem*
1546 446 1651 500 post
1663 477 1754 508 (mh.
1766 476 1825 508 15).

161 509 352 551 tertium
385 508 630 551 defecisset
643 506 671 546 ¹.

305 566 490 610 XXIII.
558 565 656 608 Rex
702 566 857 607 autem
897 563 1024 605 misit
1062 563 1256 605 fratrem
1297 576 1401 604 cum
1449 563 1653 605 exercitu
1666 566 1747 602 915.

162 628 212 669 in
253 626 497 668 Saxoniam
537 638 637 667 eam
679 623 1021 667 devastandam.
1095 621 1186 673 Qui
1233 621 1509 676 appropians
1548 622 1654 663 urbi

119 703 138 728 5
163 689 308 741 quaea
349 684 519 727 dictim·
559 678 911 737 Heresburgb·2,
959 681 1153 737 superbe
1199 680 1406 723 locutum
1446 681 1652 729 tradunt,

162 745 271 799 quia
299 743 446 785 nichil
476 743 520 785 ei
550 743 760 784 maiorisc
795 755 933 784 curae
964 743 1096 790 esset,
1129 754 1266 795 quam
1298 740 1420 794 quod
1452 739 1654 781 Saxones

162 817 245 859 pro
286 802 428 844 muris
474 816 522 844 se
563 798 832 844 ostendered
871 815 966 843 non
1006 801 1252 849 auderent,
1301 813 1391 853 quo
1438 812 1542 840 cum
1589 798 1654 840 eis

163 862 380 904 dimicare
412 861 652 916 potuisset.
709 861 876 903 Adhuc
908 873 1055 902 sermo
1086 860 1135 901 in
1166 872 1244 901 ore
1275 859 1399 900 eiuse
1432 860 1531 900 erat
1545 857 1572 907 3,
1607 860 1654 900 et

163 935 268 964 ecce
308 920 510 962 Saxones
550 920 592 962 ei
632 921 931 963 occurrerunt
970 918 1167 960 miliario
1206 931 1299 960 uno
1340 917 1397 959 ab
1437 917 1565 967 urbe,
1608 919 1654 959 et

103 997 139 1022 ιο
162 981 280 1022 inito
312 979 562 1022 certamine
592 975 754 1022 tantas
791 979 931 1021 caede
963 979 1192 1020 Francos&
1229 976 1416 1019 multati
1447 978 1568 1025 sunt,
1601 979 1654 1017 ut

163 1053 192 1082 a
221 1039 402 1081 mimis4
442 1038 790 1088 declamaretur,
831 1038 914 1080 ubi
951 1039 1113 1078 tantus
1152 1036 1232 1078 ille
1271 1036 1480 1078 infernus
1521 1038 1653 1084 esset,

164 1099 243 1153 qui
261 1100 443 1140 tantam
464 1097 811 1139 multitudinem
834 1110 1070 1139 caesorum
1093 1109 1254 1151 capere
1275 1097 1443 1150 posset.
1495 1095 1656 1136 Frater

165 1159 325 1200 autem
350 1157 470 1212 regis
503 1151 828 1199 Evurhardush
863 1156 1086 1198 liberatus
1127 1168 1154 1196 a
1188 1155 1355 1196 timore
1387 1149 1646 1196 absentiaei

165 1216 396 1258 Saxonum
441 1238 500 1243 -—
545 1229 652 1257 nam
694 1229 770 1257 eos
810 1216 1046 1270 presentes
1085 1214 1203 1255 vidit
1249 1236 1308 1241 —
1354 1215 1401 1255 et
1441 1213 1499 1255 ab
1545 1213 1655 1267 ipsis

104 1290 139 1316 15
163 1275 363 1331 turpiter
391 1274 584 1329 fugatus
615 1274 837 1316 discessit.

305 1333 520 1375 XXIIII.
582 1333 790 1376 Audiens
833 1334 989 1375 autem
1028 1346 1108 1375 rex
1148 1327 1296 1373 malek
1331 1333 1588 1387 pugnatum
1630 1344 1657 1372 a

163 1394 322 1444 fratre,
356 1388 659 1447 congregat-21¹
690 1392 815 1434 omni
845 1392 1018 1434 virtute
1050 1391 1343 1441 Francorum,
1377 1390 1576 1445 perrexit
1598 1390 1656 1431 ad

164 1452 490 1508 requirendum
521 1451 809 1494 Heinricum.
873 1450 1019 1503 Quem
1052 1451 1335 1506 compertum
1367 1450 1416 1491 in
1457 1449 1656 1505 presidio

165 1511 290 1554 urbis
313 1514 458 1565 quae²
479 1511 650 1553 dicitur
671 1510 871 1553 Gronam·
885 1510 913 1562 5,
945 1510 1220 1565 temptavit¹1
1245 1509 1365 1550 illud
1390 1508 1657 1564 obpugnare

104 1586 141 1611 20
166 1570 429 1626 presidium.
491 1569 552 1611 Et
583 1570 721 1612 missa
752 1570 984 1625 legatione
1016 1583 1098 1625 pro
1131 1570 1385 1624 spontanea
1422 1568 1657 1610 deditione

167 1630 363 1684 spondet
414 1643 462 1671 se
512 1642 594 1684 per
644 1630 731 1671 hoc
783 1629 871 1670 sibi
932 1629 1131 1670 amicum
1191 1627 1469 1677 affuturum,
1531 1630 1652 1669 non⁰

166 1689 344 1731 hostem
387 1689 682 1743 experturum
695 1689 723 1729 ⁶.
797 1688 920 1730 Huic
961 1687 1184 1743 legationi
1223 1686 1474 1729 intervenit
1504 1686 1659 1727 Thiat-

317 1803 352 1848 ²¹²)
377 1804 427 1837 sic
457 1803 491 1837 B
512 1805 531 1839 1
568 1803 650 1847 (ubi
673 1801 892 1846 defecisse);
922 1801 1019 1847 post
1049 1797 1251 1835 tertiuml'
1289 1797 1402 1834 diem
1434 1796 1659 1834 defecisset

377 1862 411 1896 Β
429 1864 464 1898 2.
494 1862 599 1898 Frut.
611 1873 628 1904 ,·
662 1858 775 1895 diem
806 1859 1068 1906 postremum
1099 1857 1325 1894 defecisset
1357 1861 1394 1896 C.

102 1970 140 1997 25
164 1969 193 1999 a)
218 1969 268 2000 qui
285 1967 328 2002 (q)
348 1968 380 1993 C.
471 1968 501 1999 b)
525 1969 567 1994 εἰσ
584 1968 647 1995 ΒΞ.
666 1969 696 1996 C.
714 1969 819 1999 Frut.,·
843 1968 1026 1994 heresburch
1049 1969 1112 1999 (sed
1132 1968 1204 1992 alibi
1222 1967 1328 2000 -burg)
1346 1967 1382 1995 A.
1400 1967 1468 1999 B1;
1494 1966 1660 1992 heresburh

165 2004 254 2031 Saxo.
326 2005 353 2035 c)
377 2003 484 2029 maiori
501 2004 564 2031 132.
636 2002 667 2035 d)
691 2011 748 2036 seq.
767 2005 865 2029 littera
884 2010 972 2029 erasa
989 2003 1013 2038 (t
1021 2003 1046 2035 ?)
1064 2005 1101 2031 Δ.
1172 2003 1201 2037 e)
1227 2003 1291 2028 eius
1310 2010 1367 2030 om.
1387 2003 1456 2034 Bu
1479 2002 1559 2026 illius
1576 2002 1660 2028 Frut.

164 2039 192 2070 f)
211 2042 310 2064 tantos
328 2039 392 2065 131.
465 2040 495 2071 g)
514 2039 609 2064 franci
626 2039 711 2067 Frut.
782 2040 814 2070 h)
833 2040 874 2064 εἰσ
894 2039 932 2070 0,·
951 2037 1136 2064 eberhardus
1150 2039 1186 2070 A,
1200 2041 1304 2070 postea
1322 2038 1438 2070 saepius
1457 2035 1659 2069 everhardus3

165 2074 228 2102 131.
245 2075 262 2099 2
281 2081 392 2106 semper
409 2072 608 2106 euerhardus;
630 2074 814 2100 eberhardus
831 2075 915 2102 ΕΜ.
933 2075 1023 2101 Saxo.
1097 2073 1119 2106 i)
1138 2074 1306 2099 absentium
1319 2074 1357 2098 A.
1429 2073 1462 2103 k)
1480 2073 1610 2104 turpiter
1623 2072 1659 2104 A,

165 2109 315 2142 repetitum
331 2116 346 2134 ο
357 2110 543 2142 praecedento·
558 2116 652 2137 versu.
721 2110 744 2141 1)
764 2112 940 2142 congregato
960 2109 990 2137 C.
1062 2108 1102 2143 m)
1124 2109 1166 2134 εἰσ
1185 2116 1281 2134 omnes
1299 2109 1408 2134 codices
1426 2111 1451 2132 et
1470 2108 1545 2135 Anu.
1566 2107 1660 2136 Meet„-

105 2147 142 2173 30
165 2152 280 2177 gruona
297 2145 382 2171 Frnae.
401 2145 492 2172 Saxo.
582 2144 614 2179 n)
640 2145 769 2171 tentauit
788 2146 854 2177 Β2;
875 2145 1015 2171 temtauit
1034 2145 1064 2173 Ο,
1154 2143 1183 2178 0)
1209 2151 1246 2170 ne
1269 2144 1299 2172 C.
1389 2145 1420 2176 p)
1446 2144 1487 2174 cf.
1507 2143 1660 2174 Styeberm

165 2183 233 2213 post
253 2180 383 2206 triduum
403 2199 411 2208 .
433 2200 441 2208 .
461 2200 470 2209 .
487 2180 586 2212 periit.

167 2263 202 2305 1)
234 2263 287 2297 De
319 2262 376 2297 die
407 2264 532 2297 mortis
565 2263 694 2306 Waltz,
730 2263 871 2296 ‘Heinr.
895 2262 940 2298 I.'
965 2274 1006 2306 p.
1034 2264 1113 2298 196.
1176 2262 1393 2296 Elekehardo
1426 2265 1506 2295 teste
1530 2261 1661 2305 (Casus

166 2311 202 2345 S.
230 2310 339 2352 Galli,
371 2309 435 2346 SS.
461 2310 515 2351 II,
548 2321 582 2354 p.
608 2311 670 2354 89)
704 2309 836 2344 Italica
860 2309 963 2344 febre
996 2314 1224 2353 consumptus
1257 2313 1331 2350 θεὴ·
1364 2310 1457 2353 quod
1490 2309 1661 2342 historiae

12 2386 16 2389 .
165 2358 229 2391 vix
256 2359 424 2393 convenit.
473 2358 672 2400 Mmmler,
700 2357 826 2399 ‘Oetfn
852 2357 974 2391 Reich’
998 2358 1073 2400 III,
1102 2369 1144 2402 p.
1169 2359 1251 2400 589,
1288 2367 1324 2395 n.
1353 2360 1385 2392 1.
1529 2357 1565 2400 2)
1602 2355 1659 2397 Cf.

106 2415 143 2441 3⁶
165 2405 264 2439 Ann.
291 2405 391 2440 Oorb.
425 2415 460 2440 a.
484 2405 568 2447 915,
601 2404 664 2440 SS.
689 2404 765 2448 III,
794 2416 834 2449 p.
859 2406 899 2440 4:
935 2404 1077 2439 bellum
1100 2403 1138 2438 in
1163 2403 1380 2449 Heresburg
1413 2403 1531 2445 (hodie
1556 2403 1661 2437 Stadt

73 2474 76 2476 v
170 2450 468 2495 ober-Marsbmy
502 2452 551 2485 ad
586 2453 623 2495 fl.
660 2452 806 2487 Diemel.
868 2452 1102 2494 Kuhlmann,
1139 2451 1193 2488 ίΖ.
1231 2452 1261 2494 f.
1297 2451 1498 2486 vaterzdnd.
1538 2450 1659 2485 Gesch.

167 2509 204 2534 u.
239 2499 496 2535 Alterthunaek.
530 2499 667 2541 Westf!
705 2499 838 2543 LVII,
877 2501 920 2542 2,
955 2511 995 2544 p.
1033 2501 1078 2535 39
1103 2510 1203 2543 899.,·
1239 2498 1505 2541 &bucmar-dt,
1544 2498 1662 2531 ‘Atlas

167 2545 515 2588 vorqeschichtlicher
547 2546 821 2589 Befestiyunyen
857 2548 896 2581 in
932 2546 1227 2581 Niedersachsen’
1262 2546 1402 2590 [1902]
1432 2556 1473 2589 p.
1512 2546 1556 2581 61
1582 2546 1659 2588 sq).

169 2593 206 2636 3)
234 2593 370 2626 Dam'el
392 2594 427 2636 4,
452 2595 516 2629 28:
546 2591 710 2637 Cumque
734 2604 853 2627 sermo
879 2592 998 2628 adhuc
1023 2595 1116 2628 esset
1138 2593 1178 2628 in
1202 2604 1265 2628 ore
1289 2592 1397 2638 regis.
1494 2591 1531 2637 4)
1557 2591 1660 2625 Iocu-

108 2649 146 2676 ιο
170 2640 311 2681 latores,
335 2640 540 2683 histriones,
573 2650 722 2674 scurrae
745 2650 831 2675 saec.
856 2641 924 2676 IX.
950 2644 981 2674 et
1004 2641 1054 2677 X.
1078 2642 1222 2684 saepius
1252 2643 1497 2674 memorantur
1505 2650 1521 2680 ;
1554 2639 1661 2672 iidem

168 2685 272 2720 mimi
295 2688 402 2722 etiam
427 2688 467 2721 in
491 2687 699 2721 Emenrici
720 2687 968 2731 Elwanyemie
992 2689 1142 2732 epistola
1171 2689 1224 2721 ad'
1244 2687 1470 2721 Grimoldum
1504 2686 1661 2720 abbatem

170 2734 435 2777 Sanyallensem
458 2738 491 2768 et
513 2734 843 2779 archicapellanum
860 2735 1047 2769 Ludowici
1060 2735 1112 2771 H.
1138 2736 1236 2779 imp„
1261 2734 1312 2770 cd.
1330 2734 1519 2767 Dammler
1535 2733 1662 2776 (Halis

173 2781 280 2824 1873)
300 2792 337 2826 p.
361 2783 419 2818 24.
444 2786 476 2816 et
499 2782 573 2815 iam
598 2781 662 2817 SS.
688 2782 741 2823 II,
772 2794 810 2826 p.
837 2784 918 2824 101,
942 2794 978 2817 n.
1003 2784 1061 2826 39,
1087 2783 1267 2816 nominati
1287 2785 1380 2816 sunt.
1441 2781 1497 2823 Cf.
1531 2781 1660 2823 Waitz,

173 2826 276 2875 ‘VGJ
302 2829 351 2863 od.
378 2830 411 2864 2.
438 2829 501 2871 VI,
519 2840 560 2873 p.
578 2830 660 2872 318,
683 2840 718 2864 n.
736 2831 783 2869 3,·
806 2829 966 2871 Scherer,
993 2829 1126 2864 ‘Gesch.
1152 2829 1217 2862 der
1239 2829 1286 2864 D.
1312 2827 1525 2862 Litteratur’
1549 2828 1600 2863 ed.
1626 2829 1661 2863 6.

112 2881 150 2907 4ὸ
170 2884 207 2916 p.
237 2874 282 2909 59
300 2885 371 2918 899.
403 2877 461 2913 62.
581 2877 617 2920 5)
651 2876 770 2910 Grone
803 2876 923 2910 villam
953 2887 1066 2921 prope
1101 2876 1307 2918 Gottinyam
1340 2875 1661 2913 veresimillimum,-

181 2919 310 2963 Waitz,
340 2922 478 2959 ‘Heim·.
503 2923 550 2959 I.'
572 2934 612 2967 p.
639 2925 696 2960 24.
830 2923 865 2969 6)
901 2924 955 2966 Cf.
991 2924 1096 2965 infra
1130 2923 1204 2965 III,
1231 2925 1297 2959 53:
1333 2922 1490 2957 amicum
1524 2933 1590 2966 per
1623 2921 1662 2955 id

174 2965 402 3013 adepturum,
424 2980 499 3004 non
521 2969 664 3005 hostem
691 2972 937 3016 experturum.
