2034 3380
128 993 161 1017 10

126 1287 159 1313 15

127 1582 162 1608 20

127 1876 162 1902 25

129 2170 163 2196 30

130 2429 165 2456 85

131 2694 166 2719 40

501 320 568 358 DE
592 320 809 357 ORIGINE
834 319 1021 356 GENTIS
1045 319 1354 357 SWEVORUM
1607 322 1677 358 135

186 442 429 486 coluerunt
459 456 527 485 ea.
589 442 774 484 Pedites
804 455 911 483 vero
943 441 1249 491 Swevorum⁸‚
1289 441 1368 496 qui
1399 442 1448 482 in
1488 441 1678 497 papilio-

185 502 321 545 nibus
350 502 678 551 remanserant,
709 503 764 542 ut
791 495 1146 554 cognoverautb,
1179 500 1312 554 quia⁰
1341 500 1676 543 commilitones

187 561 448 604 dimicando
480 556 817 603 obtinuissentd
852 559 955 601 loca
991 559 1051 601 ad
1082 559 1463 601 commanendum
1494 562 1676 615 oportu-

185 621 328 671 niora,
361 620 559 676 profecti
590 620 699 661 sunt
730 620 778 660 et
807 618 907 674 ipsi,
950 620 1004 660 ut
1035 617 1184 660 sicubi
1213 618 1468 673 reperirent
1500 619 1675 660 habita-

184 680 335 722 tiones
396 680 646 733 congruase
704 677 805 720 sibi.
897 677 958 718 Et
1009 677 1246 720 venientes
1297 677 1356 719 ad
1407 677 1674 719 Danubium

183 739 467 781 transierunt
496 737 644 779 illum.
707 736 888 779 Deinde
920 736 1112 792 paludes
1145 736 1349 779 eiusdem
1379 736 1580 779 fluminis
1611 737 1676 778 in-

185 797 315 853 genti
344 797 501 839 labore
531 798 825 838 transeuntes
855 796 902 837 in
936 809 1097 851 campo
1137 795 1427 838 amenissimo
1459 810 1512 838 ac
1552 795 1675 838 latis-

185 857 312 905 simo,
361 856 594 898 Swabowa
641 855 698 898 ab
746 855 906 897 eadem
952 857 1091 910 gente
1138 855 1273 897 modo
1320 850 1673 910 nuncupatos-1,

186 929 281 958 sese
314 915 615 964 diffuderunt,
658 917 712 956 ut
742 914 840 956 illic
873 914 1158 968 aliquamdiu
1199 916 1446 969 pausantes
1486 914 1676 956 liberius

184 974 563 1016 transcenderent}
620 973 851 1016 Penninas
908 973 1064 1028 Alpes.
1155 973 1496 1016 Decreverantg
1554 974 1676 1016 enim

186 1033 556 1089 Longobardiam
586 1033 652 1075 ire
674 1047 727 1075 ac
748 1033 877 1074 illam
904 1033 1182 1088 provintiam
1202 1032 1478 1075 inhabitare.
1531 1032 1677 1074 Erant

186 1095 340 1135 autem
382 1106 437 1134 ex
476 1106 569 1134 uno
611 1092 756 1134 latere
798 1092 948 1147 campi
990 1091 1245 1142 Danubius,
1288 1105 1343 1134 ex
1383 1091 1530 1134 altero
1569 1105 1676 1134 vero

186 1151 514 1207 amplissimum
548 1146 754 1193 nemush.
809 1150 874 1192 Eo
906 1153 1111 1206 tempore
1127 1146 1398 1193 Wilheri¹⁶2
1422 1151 1675 1206 Alpkerum

185 1211 331 1252 filium
369 1205 607 1252 Rosteinik
642 1210 699 1252 de
722 1205 915 1251 Wilzin¹
955 1210 1004 1251 in
1043 1210 1144 1265 ipsa
1173 1211 1369 1270 ‘regione
1411 1213 1677 1252 creaverant

186 1271 348 1312 ducem
381 1283 463 1325 pro
494 1269 620 1324 rege,'
647 1269 788 1324 quiam
819 1269 941 1311 idem
961 1268 1234 1311 Wilheri¹·2
1265 1283 1366 1311 cum
1400 1269 1536 1324 longe
1568 1272 1676 1311 ante

183 1329 539 1378 trucidarentur,
587 1342 667 1371 rex
713 1342 822 1370 suus
855 1328 1146 1370 Waldericus
1193 1342 1296 1370 cum
1337 1328 1463 1370 omni
1502 1329 1672 1384 stirpe¹¹

183 1388 312 1443 regia
362 1389 432 1430 est
478 1387 671 1430 deletus.
750 1386 898 1439 Quam
945 1387 1003 1429 ob
1049 1402 1145 1430 rem
1192 1401 1246 1430 ex
1293 1387 1677 1443 Burgundionum

184 1447 401 1502 progenie
422 1446 750 1489 Adilvolchum
766 1446 1050 1488 Walderici3
1079 1447 1200 1501 regis
1231 1446 1378 1488 filium
1409 1460 1563 1501 regem
1590 1447 1678 1490 sibi

186 1506 478 1548 constituere.
532 1506 766 1561 Siquidem
789 1505 970 1556 Swevis,
1002 1508 1056 1547 ut
1088 1506 1320 1561 prefatum
1341 1508 1424 1558 est,
1446 1507 1495 1547 in
1517 1520 1676 1562 campo

187 1564 472 1615 constitutis,
520 1564 750 1619 Alpkerus
797 1565 890 1606 dux
935 1565 1214 1620 legationem
1255 1565 1532 1607 Adilvolcho
1577 1567 1677 1621 regi

186 1624 361 1666 fecerat
407 1624 456 1665 in
497 1623 860 1679 Burgundiam0,
909 1626 963 1665 ut
1004 1625 1136 1679 copia
1179 1626 1459 1666 armatorum
1499 1625 1677 1667 veniret

187 1697 237 1725 ac
271 1683 534 1737 peregrinas
565 1683 788 1733 nationes,
822 1696 910 1737 que
940 1683 990 1724 in
1011 1683 1093 1724 illa
1120 1683 1350 1738 provintia
1371 1683 1675 1735 emersissent,

188 1742 512 1797 opprimeretl'.
587 1742 674 1783 His
722 1742 966 1797 compertis
1008 1742 1154 1785 Swevi
1201 1742 1391 1784 consilio
1439 1742 1676 1785 cuiusdam

187 1800 457 1843 Luitholdiq
495 1803 727 1843 matronas
768 1814 872 1842 suas
913 1801 1099 1857 optimis
1139 1801 1343 1843 vestibus
1390 1802 1676 1851 amicierunt,

187 1874 299 1902 auro
338 1873 518 1914 quoque
559 1862 606 1902 et
646 1862 838 1915 argento
870 1861 1078 1903 ornatius
1119 1861 1499 1915 decompseruntr
1537 1875 1589 1903 ac
1629 1862 1678 1903 in

187 1919 497 1974 papilionibus
549 1933 652 1961 cum
704 1919 965 1961 infantibus
1016 1920 1315 1974 reliquerunt.
1399 1920 1541 1962 Porro
1592 1921 1678 1962 viri

186 1980 389 2033 ipsarum
421 1979 558 2020 armis
591 1979 837 2034 assumptis
877 1979 926 2020 in
966 1978 1128 2020 silvam
1167 1982 1454 2021 secesserunt
1495 1982 1542 2021 et
1581 1979 1678 2021 illic

187 2038 235 2077 in
266 2037 445 2078 insidiis
477 2036 729 2079 latuerunt.
793 2037 852 2079 Et
883 2038 1060 2080 factum
1094 2041 1176 2088 est,
1219 2052 1323 2080 cum
1365 2039 1520 2080 hostes
1560 2039 1679 2081 veni-

187 2098 291 2138 rent
322 2097 369 2137 et
400 2096 629 2138 neminem
660 2097 708 2137 in
742 2097 903 2138 castris
934 2097 1022 2138 nisi
1054 2097 1267 2139 mulieres
1300 2111 1403 2139 cum
1434 2097 1679 2139 infantulis

186 2155 463 2210 reperirent,
511 2155 747 2209 ingentem
788 2156 974 2210 predam
1023 2159 1326 2198 exercuerunt
1372 2169 1509 2210 seque
1550 2170 1680 2198 onus-

188 2281 217 2314 a)
242 2288 399 2307 suenorum
420 2281 448 2309 h.
466 2283 486 2309 1,
505 2281 539 2309 Β.
629 2281 659 2314 b)
685 2285 890 2315 cognouerunt
909 2283 943 2309 G.
1033 2281 1061 2316 c)
1088 2283 1129 2307 sic
1147 2283 1174 2310 Ιι.
1194 2284 1213 2310 l.
1232 2283 1317 2308 etiam
1338 2284 1371 2311 G.
1462 2282 1493 2316 d)
1517 2284 1558 2309 sic
1582 2284 1618 2311 B.
1639 2284 1681 2314 G,-

188 2317 365 2350 optinuisset
383 2317 420 2345 A.
511 2317 539 2349 e)
559 2318 714 2350 contiguas
734 2317 770 2344 G.
860 2316 884 2350 f)
901 2319 942 2342 sic
961 2319 996 2346 A.
1017 2318 1060 2349 (ἕ,-
1077 2322 1249 2350 nuncupata
1266 2319 1302 2346 B.
1384 2321 1414 2351 g)
1432 2319 1483 2351 sic,
1502 2327 1558 2345 non
1577 2318 1679 2345 decre-

189 2355 307 2385 verunt,
327 2353 363 2380 A.
381 2353 416 2380 B.
435 2353 469 2379 G.
561 2353 593 2386 h)
611 2359 734 2384 gnemus
751 2353 787 2380 Β.
877 2354 898 2383 i)
922 2354 963 2378 sic
982 2354 1017 2381 Δ.
1036 2354 1079 2384 B;
1099 2354 1210 2380 Wilzhi
1229 2354 1265 2381 G.
1355 2354 1388 2385 k)
1407 2355 1558 2380 Rorsteini
1576 2355 1612 2386 G,
1632 2356 1682 2387 qm·

189 2383 325 2416 Rsssteini
343 2388 569 2419 defomacerit,-
587 2389 623 2419 cf.
643 2396 735 2420 supra
755 2396 788 2420 p.
808 2389 869 2421 133,
892 2396 919 2414 n.
941 2389 960 2416 f.
979 2397 1012 2421 p.
1033 2389 1094 2422 134,
1118 2397 1148 2415 n.
1165 2397 1193 2418 v.
1265 2389 1287 2422 l)
1305 2390 1346 2414 sic
1365 2392 1400 2417 Α.
1419 2390 1454 2418 Β.
1473 2391 1509 2416 G.
1583 2389 1623 2422 m)
1642 2392 1682 2415 sic

188 2425 249 2455 (qa)
273 2424 310 2451 Δ.
333 2424 376 2454 B;
400 2421 481 2455 qnod
505 2423 542 2451 G.
565 2437 600 2442 —
625 2424 714 2449 iidem
739 2424 775 2452 G.
871 2425 902 2456 n)
926 2425 1019 2457 stirpe
1045 2425 1088 2450 bis
1110 2426 1209 2457 script.
1235 2426 1269 2453 B.
1365 2425 1394 2458 o)
1417 2426 1459 2451 εἰσ
1483 2426 1518 2453 Α.
1544 2426 1588 2456 6,·
1612 2426 1682 2451 bur-

188 2457 304 2519 ςιιῐᾶᾱὴ
328 2459 364 2484 Β.
393 2493 410 2496 -
429 2459 494 2519 Bp)
518 2460 559 2483 sic
584 2460 620 2485 A.
647 2459 690 2489 G‚-
713 2460 918 2492 opprimerent
942 2461 978 2486 B.
1082 2462 1111 2492 q)
1136 2462 1177 2485 sie
1201 2461 1247 2494 G‚·
1271 2459 1413 2486 luttholdi
1432 2462 1478 2492 A,·
1502 2461 1622 2486 Lutoldi
1647 2462 1683 2489 B.

190 2496 216 2525 r)
256 2500 409 2526 ecompser
458 2513 464 2519 .

190 2592 270 2624 stat.
321 2587 389 2621 Sed
421 2589 466 2630 cf.
492 2597 580 2631 quae
604 2588 809 2630 Ruodolfus
832 2589 950 2631 Fuld„
985 2590 1049 2626 SS.
1074 2590 1130 2633 II,
1159 2602 1199 2634 p.
1225 2592 1306 2633 675,
1341 2591 1455 2625 simili
1486 2600 1608 2625 errore
1640 2591 1681 2623 de

190 2635 396 2670 Saxonibus
438 2635 546 2668 dicit:
586 2635 623 2668 A
663 2634 816 2670 meridie
857 2636 1004 2680 quidem
1044 2636 1206 2672 Francos
1246 2637 1422 2672 habentes
1462 2639 1499 2671 et
1538 2640 1681 2682 partem

191 2681 485 2727 Thuringorum,
527 2692 617 2725 quos
653 2681 875 2726 praecedens
906 2683 1048 2718 hostilis
1078 2684 1186 2718 turbo
1224 2695 1297 2718 non
1334 2683 1466 2729 tetigit,
1505 2687 1543 2719 ct
1579 2684 1681 2718 alveo

190 2728 348 2763 fluminis
373 2728 572 2764 Unstrotae
604 2728 837 2765 dirimuntur.
959 2731 993 2775 1)
1030 2731 1084 2773 ΟΥ.
1119 2731 1342 2775 Mv’dlenhoff,
1369 2731 1553 2767 ‘Zeitsohn
1579 2732 1608 2773 f.
1635 2733 1680 2767 D.

190 2777 277 2812 ΑΖΗ
298 2777 427 2818 XVII,
446 2788 485 2820 p.
500 2778 557 2812 70.
654 2777 691 2821 2)
720 2777 827 2818 Quem
846 2779 1021 2822 populum
1045 2779 1179 2812 dia-erit
1203 2779 1368 2823 scriptor,
1393 2789 1464 2812 non
1488 2780 1579 2812 satis
1596 2789 1682 2823 per-

190 2824 367 2866 spicitur;
400 2823 618 2866 Mallenhoff
641 2825 664 2859 l.
688 2825 710 2859 l.
740 2835 780 2868 p.
807 2826 863 2861 69.
897 2824 1123 2868 Siynificatos
1145 2835 1215 2859 esse
1240 2826 1401 2859 Winulos
1423 2827 1495 2860 sive
1518 2825 1680 2869 winulos,

191 2873 215 2905 i.
241 2881 267 2905 e.
294 2870 556 2914 Lonyobardos,
593 2873 761 2914 opinatus
792 2875 841 2906 est
871 2872 1108 2906 Wattenbach.
1228 2874 1265 2913 3)
1304 2873 1411 2906 Hunc
1437 2873 1590 2908 alterum
1613 2883 1683 2908 esse

132 2928 168 2954 45
192 2921 295 2961 atque
326 2921 431 2952 antea
467 2923 698 2953 memora-tum
730 2919 970 2953 Waldem'oum
1000 2923 1109 2963 patet.
1170 2920 1224 2962 Cf.
1260 2919 1480 2963 Mallenhoff
1503 2931 1541 2964 p.
1568 2921 1614 2957 69
1631 2932 1682 2964 sq.

192 2968 222 2998 et
246 2964 482 3000 Wattenbach.
