<?xml version="1.0" encoding="UTF-8"?>
<!DOCTYPE html PUBLIC "-//W3C//DTD XHTML 1.0 Transitional//EN"
    "http://www.w3.org/TR/xhtml1/DTD/xhtml1-transitional.dtd">
<html xmlns="http://www.w3.org/1999/xhtml" xml:lang="en" lang="en">
 <head>
  <title>
</title>
<meta http-equiv="Content-Type" content="text/html;charset=utf-8" />
  <meta name='ocr-system' content='tesseract 3.04.00' />
  <meta name='ocr-capabilities' content='ocr_page ocr_carea ocr_par ocr_line ocrx_word'/>
</head>
<body>
  <div class='ocr_page' id='page_1' title='image "./rerumgestarumsax00widuuoft_0090.png"; bbox 0 0 2034 3380; ppageno 0'>
   <div class='ocr_carea' id='block_1_1' title="bbox 371 336 1260 378">
    <p class='ocr_par' dir='ltr' id='par_1_1' title="bbox 371 336 1260 378">
     <span class='ocr_line' id='line_1_1' title="bbox 371 336 1260 378; baseline -0.007 0"><span class='ocrx_word' id='word_1_1' title='bbox 371 344 416 378; x_wconf 81' lang='lat'><strong>52</strong></span> <span class='ocrx_word' id='word_1_2' title='bbox 966 336 1260 374; x_wconf 91' lang='lat' dir='ltr'>WIDUKINDI</span> 
     </span>
    </p>
   </div>
   <div class='ocr_carea' id='block_1_2' title="bbox 277 458 1899 750">
    <p class='ocr_par' dir='ltr' id='par_1_2' title="bbox 277 458 1899 750">
     <span class='ocr_line' id='line_1_2' title="bbox 277 458 1855 513; baseline -0.003 -9"><span class='ocrx_word' id='word_1_3' title='bbox 277 470 355 504; x_wconf 85' lang='lat'>936.</span> <span class='ocrx_word' id='word_1_4' title='bbox 371 473 647 502; x_wconf 86' lang='lat' dir='ltr'><strong>concessum.</strong></span> <span class='ocrx_word' id='word_1_5' title='bbox 718 458 862 500; x_wconf 82' lang='lat' dir='ltr'><strong>Erant</strong></span> <span class='ocrx_word' id='word_1_6' title='bbox 901 461 1056 501; x_wconf 85' lang='lat' dir='ltr'><strong>autem</strong></span> <span class='ocrx_word' id='word_1_7' title='bbox 1103 459 1200 501; x_wconf 88' lang='lat' dir='ltr'><strong>dies</strong></span> <span class='ocrx_word' id='word_1_8' title='bbox 1246 459 1411 512; x_wconf 90' lang='lat' dir='ltr'><strong>quibus</strong></span> <span class='ocrx_word' id='word_1_9' title='bbox 1456 459 1666 513; x_wconf 74' lang='lat' dir='ltr'><strong>regnavit</strong></span> <span class='ocrx_word' id='word_1_10' title='bbox 1711 459 1855 501; x_wconf 84' lang='lat' dir='ltr'><strong>XV11</strong></span> 
     </span>
     <span class='ocr_line' id='line_1_3' title="bbox 371 517 1849 569; baseline -0.001 -9"><span class='ocrx_word' id='word_1_11' title='bbox 371 519 497 569; x_wconf 84' lang='lat' dir='ltr'><strong>anni,</strong></span> <span class='ocrx_word' id='word_1_12' title='bbox 540 519 662 560; x_wconf 84' lang='lat' dir='ltr'><strong>vitae</strong></span> <span class='ocrx_word' id='word_1_13' title='bbox 704 520 856 560; x_wconf 89' lang='lat' dir='ltr'><strong>autem</strong></span> <span class='ocrx_word' id='word_1_14' title='bbox 897 518 994 560; x_wconf 83' lang='lat' dir='ltr'><strong>fere</strong></span> <span class='ocrx_word' id='word_1_15' title='bbox 1034 517 1153 558; x_wconf 70' lang='lat' dir='ltr'>LXa.</span> <span class='ocrx_word' id='word_1_16' title='bbox 1224 517 1516 559; x_wconf 81' lang='lat' dir='ltr'><strong>Translatum</strong></span> <span class='ocrx_word' id='word_1_17' title='bbox 1557 519 1627 559; x_wconf 90' lang='lat' dir='ltr'><strong>est</strong></span> <span class='ocrx_word' id='word_1_18' title='bbox 1666 519 1849 559; x_wconf 66' lang='lat' dir='ltr'><strong>autema</strong></span> 
     </span>
     <span class='ocr_line' id='line_1_4' title="bbox 371 571 1854 632; baseline -0.001 -13"><span class='ocrx_word' id='word_1_19' title='bbox 371 590 533 632; x_wconf 88' lang='lat' dir='ltr'><strong>corpus</strong></span> <span class='ocrx_word' id='word_1_20' title='bbox 566 577 662 619; x_wconf 89' lang='lat' dir='ltr'><strong>eius</strong></span> <span class='ocrx_word' id='word_1_21' title='bbox 694 591 721 618; x_wconf 94' lang='lat' dir='ltr'><strong>a</strong></span> <span class='ocrx_word' id='word_1_22' title='bbox 751 577 858 618; x_wconf 90' lang='lat' dir='ltr'><strong>filiis</strong></span> <span class='ocrx_word' id='word_1_23' title='bbox 889 577 981 618; x_wconf 90' lang='lat' dir='ltr'><strong>suis</strong></span> <span class='ocrx_word' id='word_1_24' title='bbox 1011 576 1060 617; x_wconf 90' lang='lat' dir='ltr'><strong>in</strong></span> <span class='ocrx_word' id='word_1_25' title='bbox 1082 576 1316 618; x_wconf 85' lang='lat' dir='ltr'><strong>civitatem</strong></span> <span class='ocrx_word' id='word_1_26' title='bbox 1338 571 1480 630; x_wconf 80' lang='lat' dir='ltr'><strong>quaeb</strong></span> <span class='ocrx_word' id='word_1_27' title='bbox 1509 576 1678 618; x_wconf 89' lang='lat' dir='ltr'><strong>dicitur</strong></span> <span class='ocrx_word' id='word_1_28' title='bbox 1700 575 1854 628; x_wconf 80' lang='lat' dir='ltr'><strong>Quidi-</strong></span> 
     </span>
     <span class='ocr_line' id='line_1_5' title="bbox 369 634 1855 691; baseline -0.001 -13"><span class='ocrx_word' id='word_1_29' title='bbox 369 635 641 691; x_wconf 76' lang='lat' dir='ltr'><strong>lingaburg⁰</strong></span> <span class='ocrx_word' id='word_1_30' title='bbox 685 638 732 678; x_wconf 91' lang='lat' dir='ltr'><strong>et</strong></span> <span class='ocrx_word' id='word_1_31' title='bbox 777 635 1009 691; x_wconf 87' lang='lat' dir='ltr'><strong>sepultum</strong></span> <span class='ocrx_word' id='word_1_32' title='bbox 1054 635 1103 676; x_wconf 91' lang='lat' dir='ltr'><strong>in</strong></span> <span class='ocrx_word' id='word_1_33' title='bbox 1152 635 1338 677; x_wconf 88' lang='lat' dir='ltr'><strong>basilica</strong></span> <span class='ocrx_word' id='word_1_34' title='bbox 1384 634 1531 677; x_wconf 84' lang='lat' dir='ltr'><strong>sancti</strong></span> <span class='ocrx_word' id='word_1_35' title='bbox 1576 635 1703 677; x_wconf 86' lang='lat' dir='ltr'><strong>Petri</strong></span> <span class='ocrx_word' id='word_1_36' title='bbox 1747 637 1855 676; x_wconf 86' lang='lat' dir='ltr'><strong>ante</strong></span> 
     </span>
     <span class='ocr_line' id='line_1_6' title="bbox 370 693 1899 750; baseline -0.003 -14"><span class='ocrx_word' id='word_1_37' title='bbox 370 695 515 737; x_wconf 85' lang='lat' dir='ltr'><strong>altare</strong></span> <span class='ocrx_word' id='word_1_38' title='bbox 557 709 659 737; x_wconf 87' lang='lat' dir='ltr'><strong>cum</strong></span> <span class='ocrx_word' id='word_1_39' title='bbox 701 694 892 750; x_wconf 84' lang='lat' dir='ltr'><strong>planctu</strong></span> <span class='ocrx_word' id='word_1_40' title='bbox 936 696 982 735; x_wconf 90' lang='lat' dir='ltr'><strong>et</strong></span> <span class='ocrx_word' id='word_1_41' title='bbox 1022 694 1221 736; x_wconf 82' lang='lat' dir='ltr'><strong>lacrimis</strong></span> <span class='ocrx_word' id='word_1_42' title='bbox 1261 693 1562 749; x_wconf 87' lang='lat' dir='ltr'><strong>plurimarum</strong></span> <span class='ocrx_word' id='word_1_43' title='bbox 1603 693 1811 748; x_wconf 88' lang='lat' dir='ltr'><strong>gentium</strong></span> <span class='ocrx_word' id='word_1_44' title='bbox 1825 693 1853 733; x_wconf 81' lang='lat'><strong>2.</strong></span> <span class='ocrx_word' id='word_1_45' title='bbox 1879 707 1899 732; x_wconf 75' lang='lat'>⁵</span> 
     </span>
    </p>
   </div>
   <div class='ocr_carea' id='block_1_3' title="bbox 702 772 1520 818">
    <p class='ocr_par' dir='ltr' id='par_1_3' title="bbox 702 772 1520 818">
     <span class='ocr_line' id='line_1_7' title="bbox 702 772 1520 818; baseline -0.002 0"><span class='ocrx_word' id='word_1_46' title='bbox 702 772 1024 818; x_wconf 77' lang='lat' dir='ltr'><strong>EXPLICITd</strong></span> <span class='ocrx_word' id='word_1_47' title='bbox 1054 775 1242 817; x_wconf 78' lang='lat' dir='ltr'>LIBER,</span> <span class='ocrx_word' id='word_1_48' title='bbox 1272 775 1520 818; x_wconf 84' lang='lat' dir='ltr'>PRIMUS.</span> 
     </span>
    </p>
   </div>
   <div class='ocr_carea' id='block_1_4' title="bbox 491 950 1741 1063">
    <p class='ocr_par' dir='ltr' id='par_1_4' title="bbox 491 950 1741 1063">
     <span class='ocr_line' id='line_1_8' title="bbox 491 950 1741 1008; baseline -0.002 -14"><span class='ocrx_word' id='word_1_49' title='bbox 491 950 770 1008; x_wconf 68' lang='grc' dir='ltr'><strong>[ΙΝΟΙΡΙΤθ</strong></span> <span class='ocrx_word' id='word_1_50' title='bbox 804 951 1127 993; x_wconf 75' lang='lat' dir='ltr'>SECUNDUS</span> <span class='ocrx_word' id='word_1_51' title='bbox 1161 950 1493 992; x_wconf 81' lang='lat' dir='ltr'>GESTARUM</span> <span class='ocrx_word' id='word_1_52' title='bbox 1523 950 1741 991; x_wconf 79' lang='lat' dir='ltr'>RERUM</span> 
     </span>
     <span class='ocr_line' id='line_1_9' title="bbox 873 1005 1358 1063; baseline -0.004 -12"><span class='ocrx_word' id='word_1_53' title='bbox 873 1005 1358 1063; x_wconf 62' lang='lat' dir='ltr'><strong>SAXONIOARUM}</strong></span> 
     </span>
    </p>
   </div>
   <div class='ocr_carea' id='block_1_5' title="bbox 371 1100 1918 1215">
    <p class='ocr_par' dir='ltr' id='par_1_5' title="bbox 371 1100 1918 1215">
     <span class='ocr_line' id='line_1_10' title="bbox 408 1100 1819 1159; baseline -0.002 -13"><span class='ocrx_word' id='word_1_54' title='bbox 408 1100 539 1159; x_wconf 83' lang='lat' dir='ltr'><strong>[ADf</strong></span> <span class='ocrx_word' id='word_1_55' title='bbox 569 1103 872 1147; x_wconf 88' lang='lat' dir='ltr'>DOMINAM</span> <span class='ocrx_word' id='word_1_56' title='bbox 904 1102 1371 1144; x_wconf 69' lang='lat' dir='ltr'><strong>MAHTHILDAMg</strong></span> <span class='ocrx_word' id='word_1_57' title='bbox 1399 1100 1819 1144; x_wconf 78' lang='lat' dir='ltr'><strong>IMPERATORIS</strong></span> 
     </span>
     <span class='ocr_line' id='line_1_11' title="bbox 371 1156 1918 1215; baseline -0.003 -11"><span class='ocrx_word' id='word_1_58' title='bbox 371 1164 595 1205; x_wconf 84' lang='lat' dir='ltr'>FILIAM</span> <span class='ocrx_word' id='word_1_59' title='bbox 641 1163 815 1204; x_wconf 88' lang='lat' dir='ltr'>LIBRI</span> <span class='ocrx_word' id='word_1_60' title='bbox 862 1161 1133 1204; x_wconf 82' lang='lat' dir='ltr'>SECUNDI</span> <span class='ocrx_word' id='word_1_61' title='bbox 1181 1160 1421 1203; x_wconf 86' lang='lat' dir='ltr'>INCIPIT</span> <span class='ocrx_word' id='word_1_62' title='bbox 1468 1156 1918 1215; x_wconf 77' lang='lat' dir='ltr'>PREPHAT10].10</span> 
     </span>
    </p>
   </div>
   <div class='ocr_carea' id='block_1_6' title="bbox 368 1243 1917 1710">
    <p class='ocr_par' dir='ltr' id='par_1_6' title="bbox 368 1243 1917 1710">
     <span class='ocr_line' id='line_1_12' title="bbox 512 1243 1854 1300; baseline -0.003 -13"><span class='ocrx_word' id='word_1_63' title='bbox 512 1246 682 1300; x_wconf 87' lang='lat' dir='ltr'><strong>Ingens</strong></span> <span class='ocrx_word' id='word_1_64' title='bbox 715 1258 829 1299; x_wconf 89' lang='lat' dir='ltr'><strong>opus</strong></span> <span class='ocrx_word' id='word_1_65' title='bbox 861 1246 1105 1299; x_wconf 88' lang='lat' dir='ltr'><strong>coepturus</strong></span> <span class='ocrx_word' id='word_1_66' title='bbox 1136 1244 1210 1285; x_wconf 87' lang='lat' dir='ltr'><strong>vel</strong></span> <span class='ocrx_word' id='word_1_67' title='bbox 1242 1246 1363 1285; x_wconf 89' lang='lat' dir='ltr'><strong>certe</strong></span> <span class='ocrx_word' id='word_1_68' title='bbox 1389 1243 1639 1285; x_wconf 69' lang='lat' dir='ltr'><strong>iteraturus</strong></span> <span class='ocrx_word' id='word_1_69' title='bbox 1665 1266 1722 1270; x_wconf 97' lang='lat'><strong>—</strong></span> <span class='ocrx_word' id='word_1_70' title='bbox 1747 1256 1854 1284; x_wconf 87' lang='lat' dir='ltr'><strong>nam</strong></span> 
     </span>
     <span class='ocr_line' id='line_1_13' title="bbox 371 1300 1852 1359; baseline -0.002 -14"><span class='ocrx_word' id='word_1_71' title='bbox 371 1300 564 1359; x_wconf 81' lang='lat' dir='ltr'><strong>magnah</strong></span> <span class='ocrx_word' id='word_1_72' title='bbox 595 1318 649 1346; x_wconf 86' lang='lat' dir='ltr'><strong>ex</strong></span> <span class='ocrx_word' id='word_1_73' title='bbox 684 1305 810 1358; x_wconf 87' lang='lat' dir='ltr'><strong>parte</strong></span> <span class='ocrx_word' id='word_1_74' title='bbox 842 1305 1078 1358; x_wconf 82' lang='lat' dir='ltr'><strong>peractum</strong></span> <span class='ocrx_word' id='word_1_75' title='bbox 1111 1302 1210 1344; x_wconf 83' lang='lat' dir='ltr'><strong>est3</strong></span> <span class='ocrx_word' id='word_1_76' title='bbox 1238 1325 1293 1330; x_wconf 89' lang='lat'>—</span> <span class='ocrx_word' id='word_1_77' title='bbox 1324 1304 1408 1343; x_wconf 87' lang='lat' dir='ltr'><strong>tua</strong></span> <span class='ocrx_word' id='word_1_78' title='bbox 1439 1302 1587 1356; x_wconf 84' lang='lat' dir='ltr'><strong>gratia</strong></span> <span class='ocrx_word' id='word_1_79' title='bbox 1617 1301 1852 1351; x_wconf 76' lang='lat' dir='ltr'><strong>fulciatur,</strong></span> 
     </span>
     <span class='ocr_line' id='line_1_14' title="bbox 370 1356 1855 1418; baseline -0.003 -13"><span class='ocrx_word' id='word_1_80' title='bbox 370 1377 486 1418; x_wconf 86' lang='lat' dir='ltr'><strong>quae</strong></span> <span class='ocrx_word' id='word_1_81' title='bbox 519 1363 702 1404; x_wconf 88' lang='lat' dir='ltr'><strong>domina</strong></span> <span class='ocrx_word' id='word_1_82' title='bbox 734 1375 830 1404; x_wconf 84' lang='lat' dir='ltr'><strong>esse</strong></span> <span class='ocrx_word' id='word_1_83' title='bbox 853 1356 1122 1404; x_wconf 84' lang='lat' dir='ltr'><strong>dinoscerisi</strong></span> <span class='ocrx_word' id='word_1_84' title='bbox 1153 1361 1251 1403; x_wconf 89' lang='lat' dir='ltr'><strong>iure</strong></span> <span class='ocrx_word' id='word_1_85' title='bbox 1283 1361 1426 1402; x_wconf 89' lang='lat' dir='ltr'><strong>totius</strong></span> <span class='ocrx_word' id='word_1_86' title='bbox 1448 1361 1680 1415; x_wconf 87' lang='lat' dir='ltr'><strong>Europae;</strong></span> <span class='ocrx_word' id='word_1_87' title='bbox 1703 1374 1855 1414; x_wconf 88' lang='lat' dir='ltr'><strong>quam-</strong></span> 
     </span>
     <span class='ocr_line' id='line_1_15' title="bbox 370 1415 1855 1476; baseline -0.002 -14"><span class='ocrx_word' id='word_1_88' title='bbox 370 1436 506 1476; x_wconf 88' lang='lat' dir='ltr'><strong>quam</strong></span> <span class='ocrx_word' id='word_1_89' title='bbox 546 1422 595 1462; x_wconf 91' lang='lat' dir='ltr'><strong>in</strong></span> <span class='ocrx_word' id='word_1_90' title='bbox 635 1416 870 1462; x_wconf 75' lang='lat' dir='ltr'><strong>Africamk</strong></span> <span class='ocrx_word' id='word_1_91' title='bbox 905 1421 1151 1474; x_wconf 82' lang='lat' dir='ltr'><strong>Asiamque</strong></span> <span class='ocrx_word' id='word_1_92' title='bbox 1192 1420 1336 1475; x_wconf 82' lang='lat' dir='ltr'><strong>patris</strong></span> <span class='ocrx_word' id='word_1_93' title='bbox 1376 1419 1448 1460; x_wconf 90' lang='lat' dir='ltr'><strong>tui</strong></span> <span class='ocrx_word' id='word_1_94' title='bbox 1490 1415 1604 1460; x_wconf 88' lang='lat' dir='ltr'><strong>iam¹</strong></span> <span class='ocrx_word' id='word_1_95' title='bbox 1651 1420 1855 1472; x_wconf 85' lang='lat' dir='ltr'><strong>potestas</strong></span> 
     </span>
     <span class='ocr_line' id='line_1_16' title="bbox 371 1477 1917 1536; baseline -0.004 -14"><span class='ocrx_word' id='word_1_96' title='bbox 371 1481 688 1536; x_wconf 84' lang='lat' dir='ltr'><strong>protendatur.</strong></span> <span class='ocrx_word' id='word_1_97' title='bbox 767 1479 907 1534; x_wconf 83' lang='lat' dir='ltr'><strong>Spero</strong></span> <span class='ocrx_word' id='word_1_98' title='bbox 955 1480 1097 1528; x_wconf 91' lang='lat' dir='ltr'><strong>enim,</strong></span> <span class='ocrx_word' id='word_1_99' title='bbox 1151 1478 1367 1533; x_wconf 82' lang='lat' dir='ltr'><strong>quicquid</strong></span> <span class='ocrx_word' id='word_1_100' title='bbox 1417 1478 1465 1518; x_wconf 93' lang='lat' dir='ltr'><strong>in</strong></span> <span class='ocrx_word' id='word_1_101' title='bbox 1518 1491 1571 1519; x_wconf 93' lang='lat' dir='ltr'><strong>eo</strong></span> <span class='ocrx_word' id='word_1_102' title='bbox 1621 1477 1855 1519; x_wconf 85' lang='lat' dir='ltr'><strong>invenitur</strong></span> <span class='ocrx_word' id='word_1_103' title='bbox 1882 1491 1917 1517; x_wconf 81' lang='lat'><strong>15</strong></span> 
     </span>
     <span class='ocr_line' id='line_1_17' title="bbox 369 1535 1855 1592; baseline -0.003 -12"><span class='ocrx_word' id='word_1_104' title='bbox 369 1540 520 1580; x_wconf 86' lang='lat' dir='ltr'><strong>minus</strong></span> <span class='ocrx_word' id='word_1_105' title='bbox 550 1539 780 1588; x_wconf 89' lang='lat' dir='ltr'><strong>idoneum,</strong></span> <span class='ocrx_word' id='word_1_106' title='bbox 823 1538 1022 1592; x_wconf 86' lang='lat' dir='ltr'><strong>gloriosa</strong></span> <span class='ocrx_word' id='word_1_107' title='bbox 1061 1539 1170 1579; x_wconf 88' lang='lat' dir='ltr'><strong>tuae</strong></span> <span class='ocrx_word' id='word_1_108' title='bbox 1212 1537 1481 1579; x_wconf 85' lang='lat' dir='ltr'><strong>clementiae</strong></span> <span class='ocrx_word' id='word_1_109' title='bbox 1521 1535 1714 1578; x_wconf 76' lang='lat' dir='ltr'><strong>lenitate</strong></span> <span class='ocrx_word' id='word_1_110' title='bbox 1755 1535 1855 1577; x_wconf 84' lang='lat' dir='ltr'><strong>sub-</strong></span> 
     </span>
     <span class='ocr_line' id='line_1_18' title="bbox 370 1595 1855 1651; baseline -0.002 -13"><span class='ocrx_word' id='word_1_111' title='bbox 370 1598 559 1647; x_wconf 80' lang='lat' dir='ltr'><strong>levetur,</strong></span> <span class='ocrx_word' id='word_1_112' title='bbox 593 1599 949 1651; x_wconf 85' lang='lat' dir='ltr'><strong>permaneatque</strong></span> <span class='ocrx_word' id='word_1_113' title='bbox 981 1609 1035 1638; x_wconf 89' lang='lat' dir='ltr'><strong>ea</strong></span> <span class='ocrx_word' id='word_1_114' title='bbox 1067 1596 1309 1638; x_wconf 84' lang='lat' dir='ltr'><strong>devotione</strong></span> <span class='ocrx_word' id='word_1_115' title='bbox 1341 1595 1617 1645; x_wconf 86' lang='lat' dir='ltr'><strong>dedicatum,</strong></span> <span class='ocrx_word' id='word_1_116' title='bbox 1659 1608 1749 1649; x_wconf 82' lang='lat' dir='ltr'><strong>qua-</strong></span> <span class='ocrx_word' id='word_1_117' title='bbox 1785 1596 1855 1636; x_wconf 86' lang='lat' dir='ltr'><strong>est</strong></span> 
     </span>
     <span class='ocr_line' id='line_1_19' title="bbox 368 1656 691 1710; baseline -0.006 -13"><span class='ocrx_word' id='word_1_118' title='bbox 368 1657 649 1710; x_wconf 75' lang='lat' dir='ltr'><strong>inceptumm·</strong></span> <span class='ocrx_word' id='word_1_119' title='bbox 664 1656 691 1695; x_wconf 80' lang='lat'><strong>3.</strong></span> 
     </span>
    </p>
   </div>
   <div class='ocr_carea' id='block_1_7' title="bbox 741 1708 1491 1768">
    <p class='ocr_par' dir='ltr' id='par_1_7' title="bbox 741 1708 1491 1768">
     <span class='ocr_line' id='line_1_20' title="bbox 741 1708 1491 1768; baseline -0.004 -13"><span class='ocrx_word' id='word_1_120' title='bbox 741 1711 1073 1768; x_wconf 74' lang='lat' dir='ltr'><strong>[EXPLICITn</strong></span> <span class='ocrx_word' id='word_1_121' title='bbox 1107 1708 1491 1766; x_wconf 80' lang='lat' dir='ltr'><strong>PREPHATIO].</strong></span> 
     </span>
    </p>
   </div>
   <div class='ocr_carea' id='block_1_8' title="bbox 753 1840 1916 1897">
    <p class='ocr_par' dir='ltr' id='par_1_8' title="bbox 753 1840 1916 1897">
     <span class='ocr_line' id='line_1_21' title="bbox 753 1840 1916 1897; baseline -0.003 -13"><span class='ocrx_word' id='word_1_122' title='bbox 753 1840 1057 1897; x_wconf 82' lang='lat' dir='ltr'>[INCIPIUN</span> <span class='ocrx_word' id='word_1_123' title='bbox 1059 1842 1095 1883; x_wconf 85' lang='lat' dir='ltr'>T</span> <span class='ocrx_word' id='word_1_124' title='bbox 1104 1845 1121 1865; x_wconf 92' lang='lat'><strong>⁰</strong></span> <span class='ocrx_word' id='word_1_125' title='bbox 1157 1841 1480 1883; x_wconf 80' lang='lat' dir='ltr'><strong>OAPITULA.</strong></span> <span class='ocrx_word' id='word_1_126' title='bbox 1879 1855 1916 1880; x_wconf 83' lang='lat'><strong>20</strong></span> 
     </span>
    </p>
   </div>
   <div class='ocr_carea' id='block_1_9' title="bbox 552 1922 1918 2319">
    <p class='ocr_par' dir='ltr' id='par_1_9' title="bbox 552 1922 1918 2319">
     <span class='ocr_line' id='line_1_22' title="bbox 632 1922 1854 1979; baseline -0.002 -13"><span class='ocrx_word' id='word_1_127' title='bbox 632 1926 669 1966; x_wconf 91' lang='grc' dir='ltr'><strong>Ι.</strong></span> <span class='ocrx_word' id='word_1_128' title='bbox 723 1925 793 1967; x_wconf 90' lang='lat' dir='ltr'><strong>De</strong></span> <span class='ocrx_word' id='word_1_129' title='bbox 825 1926 1053 1966; x_wconf 86' lang='lat' dir='ltr'><strong>conventu</strong></span> <span class='ocrx_word' id='word_1_130' title='bbox 1083 1923 1243 1979; x_wconf 88' lang='lat' dir='ltr'><strong>populi</strong></span> <span class='ocrx_word' id='word_1_131' title='bbox 1274 1924 1333 1965; x_wconf 88' lang='lat' dir='ltr'><strong>ad</strong></span> <span class='ocrx_word' id='word_1_132' title='bbox 1363 1923 1652 1977; x_wconf 86' lang='lat' dir='ltr'><strong>Aquasgrani</strong></span> <span class='ocrx_word' id='word_1_133' title='bbox 1691 1922 1854 1978; x_wconf 87' lang='lat' dir='ltr'><strong>palatii</strong></span> 
     </span>
     <span class='ocr_line' id='line_1_23' title="bbox 725 1982 1852 2036; baseline -0.004 -10"><span class='ocrx_word' id='word_1_134' title='bbox 725 1986 772 2026; x_wconf 89' lang='lat' dir='ltr'><strong>et</strong></span> <span class='ocrx_word' id='word_1_135' title='bbox 804 1983 1027 2026; x_wconf 82' lang='lat' dir='ltr'><strong>electione</strong></span> <span class='ocrx_word' id='word_1_136' title='bbox 1059 1983 1166 2024; x_wconf 84' lang='lat' dir='ltr'><strong>novi</strong></span> <span class='ocrx_word' id='word_1_137' title='bbox 1201 1982 1321 2036; x_wconf 85' lang='lat' dir='ltr'><strong>regis</strong></span> <span class='ocrx_word' id='word_1_138' title='bbox 1362 1982 1548 2036; x_wconf 87' lang='lat' dir='ltr'><strong>eiusque</strong></span> <span class='ocrx_word' id='word_1_139' title='bbox 1587 1982 1852 2023; x_wconf 67' lang='lat' dir='ltr'><strong>unctionel&#39;.</strong></span> 
     </span>
     <span class='ocr_line' id='line_1_24' title="bbox 605 2039 1852 2095; baseline -0.002 -12"><span class='ocrx_word' id='word_1_140' title='bbox 605 2043 669 2083; x_wconf 91' lang='lat' dir='ltr'><strong>II.</strong></span> <span class='ocrx_word' id='word_1_141' title='bbox 723 2043 793 2084; x_wconf 91' lang='lat' dir='ltr'><strong>De</strong></span> <span class='ocrx_word' id='word_1_142' title='bbox 825 2041 1079 2084; x_wconf 87' lang='lat' dir='ltr'><strong>ministerio</strong></span> <span class='ocrx_word' id='word_1_143' title='bbox 1110 2041 1255 2095; x_wconf 87' lang='lat' dir='ltr'><strong>regali</strong></span> <span class='ocrx_word' id='word_1_144' title='bbox 1287 2043 1334 2083; x_wconf 89' lang='lat' dir='ltr'><strong>et</strong></span> <span class='ocrx_word' id='word_1_145' title='bbox 1359 2041 1415 2082; x_wconf 89' lang='lat' dir='ltr'><strong>de</strong></span> <span class='ocrx_word' id='word_1_146' title='bbox 1437 2039 1720 2095; x_wconf 86' lang='lat' dir='ltr'><strong>principibus</strong></span> <span class='ocrx_word' id='word_1_147' title='bbox 1742 2040 1852 2082; x_wconf 89' lang='lat' dir='ltr'><strong>eius.</strong></span> 
     </span>
     <span class='ocr_line' id='line_1_25' title="bbox 583 2099 1630 2143; baseline -0.002 -1"><span class='ocrx_word' id='word_1_148' title='bbox 583 2101 675 2142; x_wconf 86' lang='lat' dir='ltr'>III.</span> <span class='ocrx_word' id='word_1_149' title='bbox 728 2101 798 2143; x_wconf 86' lang='lat' dir='ltr'><strong>De</strong></span> <span class='ocrx_word' id='word_1_150' title='bbox 830 2101 952 2143; x_wconf 91' lang='lat' dir='ltr'><strong>bello</strong></span> <span class='ocrx_word' id='word_1_151' title='bbox 985 2102 1146 2142; x_wconf 87' lang='lat' dir='ltr'><strong>contra</strong></span> <span class='ocrx_word' id='word_1_152' title='bbox 1177 2099 1460 2141; x_wconf 80' lang='lat' dir='ltr'><strong>Bolizlavum</strong></span> <span class='ocrx_word' id='word_1_153' title='bbox 1491 2099 1630 2141; x_wconf 73' lang='lat' dir='ltr'><strong>facto,</strong></span> 
     </span>
     <span class='ocr_line' id='line_1_26' title="bbox 552 2158 1918 2214; baseline -0.003 -13"><span class='ocrx_word' id='word_1_154' title='bbox 552 2160 674 2201; x_wconf 90' lang='lat' dir='ltr'>IIII.</span> <span class='ocrx_word' id='word_1_155' title='bbox 727 2160 797 2202; x_wconf 93' lang='lat' dir='ltr'><strong>De</strong></span> <span class='ocrx_word' id='word_1_156' title='bbox 829 2159 1120 2214; x_wconf 87' lang='lat' dir='ltr'><strong>expeditione</strong></span> <span class='ocrx_word' id='word_1_157' title='bbox 1151 2159 1271 2213; x_wconf 85' lang='lat' dir='ltr'><strong>regis</strong></span> <span class='ocrx_word' id='word_1_158' title='bbox 1302 2159 1351 2199; x_wconf 89' lang='lat' dir='ltr'><strong>in</strong></span> <span class='ocrx_word' id='word_1_159' title='bbox 1384 2158 1598 2200; x_wconf 84' lang='lat' dir='ltr'><strong>barbaras</strong></span> <span class='ocrx_word' id='word_1_160' title='bbox 1628 2158 1852 2199; x_wconf 84' lang='lat' dir='ltr'><strong>nationes.</strong></span> <span class='ocrx_word' id='word_1_161' title='bbox 1880 2168 1918 2196; x_wconf 71' lang='lat'><strong>2⁵</strong></span> 
     </span>
     <span class='ocr_line' id='line_1_27' title="bbox 617 2218 1053 2272; baseline -0.005 -12"><span class='ocrx_word' id='word_1_162' title='bbox 617 2219 671 2260; x_wconf 93' lang='lat' dir='ltr'><strong>V.</strong></span> <span class='ocrx_word' id='word_1_163' title='bbox 724 2219 793 2261; x_wconf 89' lang='lat' dir='ltr'><strong>De</strong></span> <span class='ocrx_word' id='word_1_164' title='bbox 827 2218 1053 2272; x_wconf 84' lang='lat' dir='ltr'><strong>Ungariis.</strong></span> 
     </span>
     <span class='ocr_line' id='line_1_28' title="bbox 589 2276 1236 2319; baseline -0.003 -1"><span class='ocrx_word' id='word_1_165' title='bbox 589 2277 671 2318; x_wconf 89' lang='lat' dir='ltr'><strong>VI.</strong></span> <span class='ocrx_word' id='word_1_166' title='bbox 725 2277 795 2319; x_wconf 92' lang='lat' dir='ltr'><strong>De</strong></span> <span class='ocrx_word' id='word_1_167' title='bbox 827 2277 1058 2319; x_wconf 87' lang='lat' dir='ltr'><strong>intestinis</strong></span> <span class='ocrx_word' id='word_1_168' title='bbox 1089 2276 1236 2318; x_wconf 86' lang='lat' dir='ltr'><strong>bellis.</strong></span> 
     </span>
    </p>
   </div>
   <div class='ocr_carea' id='block_1_10' title="bbox 370 2386 1916 2635">
    <p class='ocr_par' dir='ltr' id='par_1_10' title="bbox 370 2386 1854 2458">
     <span class='ocr_line' id='line_1_29' title="bbox 371 2386 1852 2424; baseline -0.003 -8"><span class='ocrx_word' id='word_1_169' title='bbox 371 2393 400 2424; x_wconf 81' lang='lat' dir='ltr'><strong>a)</strong></span> <span class='ocrx_word' id='word_1_170' title='bbox 426 2393 526 2417; x_wconf 86' lang='lat' dir='ltr'><strong>autem</strong></span> <span class='ocrx_word' id='word_1_171' title='bbox 545 2398 600 2418; x_wconf 88' lang='lat' dir='ltr'><strong>om.</strong></span> <span class='ocrx_word' id='word_1_172' title='bbox 617 2391 654 2416; x_wconf 69' lang='lat' dir='ltr'><strong>A.</strong></span> <span class='ocrx_word' id='word_1_173' title='bbox 745 2391 775 2422; x_wconf 93' lang='lat' dir='ltr'><strong>b)</strong></span> <span class='ocrx_word' id='word_1_174' title='bbox 801 2390 852 2421; x_wconf 84' lang='lat' dir='ltr'><strong>qui</strong></span> <span class='ocrx_word' id='word_1_175' title='bbox 871 2391 901 2417; x_wconf 79' lang='lat'><strong>0.</strong></span> <span class='ocrx_word' id='word_1_176' title='bbox 990 2391 1016 2421; x_wconf 83' lang='lat' dir='ltr'><strong>c)</strong></span> <span class='ocrx_word' id='word_1_177' title='bbox 1040 2390 1081 2414; x_wconf 75' lang='lat' dir='ltr'><strong>sic</strong></span> <span class='ocrx_word' id='word_1_178' title='bbox 1099 2390 1130 2417; x_wconf 80' lang='lat' dir='ltr'><strong>G.</strong></span> <span class='ocrx_word' id='word_1_179' title='bbox 1146 2390 1246 2420; x_wconf 80' lang='lat' dir='ltr'><strong>Frut.,·</strong></span> <span class='ocrx_word' id='word_1_180' title='bbox 1271 2389 1509 2420; x_wconf 79' lang='lat' dir='ltr'><strong>quidilingeburg</strong></span> <span class='ocrx_word' id='word_1_181' title='bbox 1527 2388 1571 2420; x_wconf 70' lang='lat' dir='ltr'><strong>A‚·</strong></span> <span class='ocrx_word' id='word_1_182' title='bbox 1595 2386 1852 2420; x_wconf 76' lang='lat' dir='ltr'><strong>quidilingaburch</strong></span> 
     </span>
     <span class='ocr_line' id='line_1_30' title="bbox 370 2422 1854 2458; baseline -0.003 -7"><span class='ocrx_word' id='word_1_183' title='bbox 370 2427 430 2454; x_wconf 87' lang='lat' dir='ltr'><strong>Bl.</strong></span> <span class='ocrx_word' id='word_1_184' title='bbox 452 2427 624 2456; x_wconf 77' lang='lat' dir='ltr'><strong>Thietmm·.,·</strong></span> <span class='ocrx_word' id='word_1_185' title='bbox 643 2424 898 2457; x_wconf 82' lang='lat' dir='ltr'><strong>Quidelingeburg</strong></span> <span class='ocrx_word' id='word_1_186' title='bbox 916 2425 983 2458; x_wconf 60' lang='lat' dir='ltr'><strong>BQ</strong></span> <span class='ocrx_word' id='word_1_187' title='bbox 1005 2424 1253 2456; x_wconf 84' lang='lat' dir='ltr'><strong>quidelingeburh</strong></span> <span class='ocrx_word' id='word_1_188' title='bbox 1273 2425 1363 2452; x_wconf 74' lang='lat' dir='ltr'><strong>Saxo.</strong></span> <span class='ocrx_word' id='word_1_189' title='bbox 1455 2422 1485 2455; x_wconf 87' lang='lat' dir='ltr'><strong>d)</strong></span> <span class='ocrx_word' id='word_1_190' title='bbox 1508 2424 1549 2448; x_wconf 74' lang='lat' dir='ltr'><strong>sic</strong></span> <span class='ocrx_word' id='word_1_191' title='bbox 1568 2424 1594 2448; x_wconf 72' lang='lat' dir='ltr'><strong><em>A</em></strong></span> <span class='ocrx_word' id='word_1_192' title='bbox 1612 2423 1730 2455; x_wconf 74' lang='lat' dir='ltr'><strong>(rm&#39;m’o)</strong></span> <span class='ocrx_word' id='word_1_193' title='bbox 1748 2426 1774 2448; x_wconf 76' lang='lat' dir='ltr'><strong>et</strong></span> <span class='ocrx_word' id='word_1_194' title='bbox 1791 2423 1854 2451; x_wconf 86' lang='lat' dir='ltr'><strong>Bl.</strong></span> 
     </span>
    </p>

    <p class='ocr_par' dir='ltr' id='par_1_11' title="bbox 370 2457 1916 2564">
     <span class='ocr_line' id='line_1_31' title="bbox 371 2457 1916 2493; baseline -0.003 -6"><span class='ocrx_word' id='word_1_195' title='bbox 371 2463 398 2493; x_wconf 87' lang='lat' dir='ltr'><strong>e)</strong></span> <span class='ocrx_word' id='word_1_196' title='bbox 416 2462 457 2486; x_wconf 76' lang='grc' dir='ltr'><strong>εἰσ</strong></span> <span class='ocrx_word' id='word_1_197' title='bbox 474 2462 535 2487; x_wconf 91' lang='grc' dir='ltr'>Β1.</span> <span class='ocrx_word' id='word_1_198' title='bbox 617 2462 641 2492; x_wconf 87' lang='lat' dir='ltr'><strong>f)</strong></span> <span class='ocrx_word' id='word_1_199' title='bbox 658 2462 698 2486; x_wconf 72' lang='lat' dir='ltr'><strong>sic</strong></span> <span class='ocrx_word' id='word_1_200' title='bbox 718 2461 757 2492; x_wconf 80' lang='grc' dir='ltr'><strong>Ο,-</strong></span> <span class='ocrx_word' id='word_1_201' title='bbox 776 2461 918 2492; x_wconf 82' lang='lat' dir='ltr'><strong>Prologus</strong></span> <span class='ocrx_word' id='word_1_202' title='bbox 937 2461 967 2485; x_wconf 88' lang='lat' dir='ltr'><strong>in</strong></span> <span class='ocrx_word' id='word_1_203' title='bbox 986 2460 1094 2485; x_wconf 84' lang='lat' dir='ltr'><strong>librum</strong></span> <span class='ocrx_word' id='word_1_204' title='bbox 1113 2458 1273 2485; x_wconf 85' lang='lat' dir='ltr'><strong>secundum</strong></span> <span class='ocrx_word' id='word_1_205' title='bbox 1292 2459 1395 2484; x_wconf 72' lang='lat' dir='ltr'><strong>iterum</strong></span> <span class='ocrx_word' id='word_1_206' title='bbox 1414 2459 1502 2484; x_wconf 57' lang='lat' dir='ltr'><strong>mindo</strong></span> <span class='ocrx_word' id='word_1_207' title='bbox 1521 2460 1564 2489; x_wconf 71' lang='lat' dir='ltr'><strong>A,-</strong></span> <span class='ocrx_word' id='word_1_208' title='bbox 1583 2458 1779 2484; x_wconf 75' lang='lat' dir='ltr'>EPISTOLA</span> <span class='ocrx_word' id='word_1_209' title='bbox 1798 2459 1853 2483; x_wconf 78' lang='lat' dir='ltr'><strong>AD</strong></span> <span class='ocrx_word' id='word_1_210' title='bbox 1878 2457 1916 2482; x_wconf 77' lang='lat'><strong>30</strong></span> 
     </span>
     <span class='ocr_line' id='line_1_32' title="bbox 370 2493 1854 2528; baseline -0.003 -5"><span class='ocrx_word' id='word_1_211' title='bbox 370 2497 555 2523; x_wconf 81' lang='lat' dir='ltr'>REGINAM</span> <span class='ocrx_word' id='word_1_212' title='bbox 574 2497 634 2524; x_wconf 82' lang='lat'><em>132.</em></span> <span class='ocrx_word' id='word_1_213' title='bbox 716 2495 745 2528; x_wconf 83' lang='lat' dir='ltr'><strong>g)</strong></span> <span class='ocrx_word' id='word_1_214' title='bbox 764 2496 804 2520; x_wconf 76' lang='lat' dir='ltr'><strong>sic</strong></span> <span class='ocrx_word' id='word_1_215' title='bbox 823 2496 849 2522; x_wconf 85' lang='lat' dir='ltr'><strong>h.</strong></span> <span class='ocrx_word' id='word_1_216' title='bbox 870 2497 890 2523; x_wconf 90' lang='lat' dir='ltr'><strong>l.</strong></span> <span class='ocrx_word' id='word_1_217' title='bbox 908 2496 937 2522; x_wconf 84' lang='lat' dir='ltr'><strong>C.</strong></span> <span class='ocrx_word' id='word_1_218' title='bbox 1021 2495 1051 2527; x_wconf 90' lang='lat' dir='ltr'><strong>h)</strong></span> <span class='ocrx_word' id='word_1_219' title='bbox 1071 2502 1108 2521; x_wconf 86' lang='lat' dir='ltr'><strong>ex</strong></span> <span class='ocrx_word' id='word_1_220' title='bbox 1126 2502 1235 2527; x_wconf 80' lang='lat' dir='ltr'><strong>mag-na</strong></span> <span class='ocrx_word' id='word_1_221' title='bbox 1254 2495 1316 2520; x_wconf 90' lang='lat' dir='ltr'><strong>Bl.</strong></span> <span class='ocrx_word' id='word_1_222' title='bbox 1396 2493 1418 2526; x_wconf 90' lang='lat' dir='ltr'><strong>i)</strong></span> <span class='ocrx_word' id='word_1_223' title='bbox 1437 2493 1607 2520; x_wconf 77' lang='lat' dir='ltr'><strong>dinoscetur</strong></span> <span class='ocrx_word' id='word_1_224' title='bbox 1625 2494 1687 2522; x_wconf 85' lang='lat' dir='ltr'><strong>Bl.</strong></span> <span class='ocrx_word' id='word_1_225' title='bbox 1764 2493 1796 2525; x_wconf 85' lang='lat' dir='ltr'><strong>k)</strong></span> <span class='ocrx_word' id='word_1_226' title='bbox 1813 2494 1854 2519; x_wconf 69' lang='grc' dir='ltr'><strong>εἰσ</strong></span> 
     </span>
     <span class='ocr_line' id='line_1_33' title="bbox 370 2528 1852 2564; baseline -0.002 -7"><span class='ocrx_word' id='word_1_227' title='bbox 370 2533 422 2557; x_wconf 84' lang='grc' dir='ltr'><strong>Β2</strong></span> <span class='ocrx_word' id='word_1_228' title='bbox 441 2532 538 2563; x_wconf 77' lang='lat' dir='ltr'><strong>(infra</strong></span> <span class='ocrx_word' id='word_1_229' title='bbox 557 2532 620 2564; x_wconf 81' lang='lat' dir='ltr'><strong>III,</strong></span> <span class='ocrx_word' id='word_1_230' title='bbox 635 2531 678 2557; x_wconf 81' lang='lat'><strong>75.</strong></span> <span class='ocrx_word' id='word_1_231' title='bbox 697 2531 807 2563; x_wconf 85' lang='lat' dir='ltr'><strong>Aphr.)</strong></span> <span class='ocrx_word' id='word_1_232' title='bbox 826 2534 850 2555; x_wconf 78' lang='lat' dir='ltr'><strong>et</strong></span> <span class='ocrx_word' id='word_1_233' title='bbox 869 2531 907 2562; x_wconf 77' lang='grc' dir='ltr'><strong>Ο,-</strong></span> <span class='ocrx_word' id='word_1_234' title='bbox 925 2530 1058 2556; x_wconf 71' lang='lat' dir='ltr'><strong>affrIcam</strong></span> <span class='ocrx_word' id='word_1_235' title='bbox 1077 2531 1112 2555; x_wconf 71' lang='lat' dir='ltr'><strong>A.</strong></span> <span class='ocrx_word' id='word_1_236' title='bbox 1134 2531 1195 2557; x_wconf 85' lang='lat' dir='ltr'><strong>Bl.</strong></span> <span class='ocrx_word' id='word_1_237' title='bbox 1285 2529 1307 2562; x_wconf 91' lang='lat'><strong>1)</strong></span> <span class='ocrx_word' id='word_1_238' title='bbox 1329 2529 1386 2554; x_wconf 83' lang='lat' dir='ltr'><strong>iam</strong></span> <span class='ocrx_word' id='word_1_239' title='bbox 1405 2530 1480 2554; x_wconf 76' lang='lat' dir='ltr'><strong>deest</strong></span> <span class='ocrx_word' id='word_1_240' title='bbox 1499 2530 1542 2560; x_wconf 76' lang='lat' dir='ltr'><strong>A,·</strong></span> <span class='ocrx_word' id='word_1_241' title='bbox 1561 2531 1693 2561; x_wconf 81' lang='lat' dir='ltr'><strong>potestas</strong></span> <span class='ocrx_word' id='word_1_242' title='bbox 1713 2528 1771 2554; x_wconf 78' lang='lat' dir='ltr'><strong>lam</strong></span> <span class='ocrx_word' id='word_1_243' title='bbox 1790 2529 1852 2554; x_wconf 81' lang='lat' dir='ltr'><strong>Bl-</strong></span> 
     </span>
    </p>

    <p class='ocr_par' dir='ltr' id='par_1_12' title="bbox 371 2562 1853 2635">
     <span class='ocr_line' id='line_1_34' title="bbox 371 2562 1853 2601; baseline -0.002 -9"><span class='ocrx_word' id='word_1_244' title='bbox 371 2567 411 2601; x_wconf 83' lang='lat' dir='ltr'><strong>m)</strong></span> <span class='ocrx_word' id='word_1_245' title='bbox 429 2568 469 2592; x_wconf 73' lang='lat' dir='ltr'><strong>sic</strong></span> <span class='ocrx_word' id='word_1_246' title='bbox 490 2568 523 2594; x_wconf 76' lang='lat' dir='ltr'><strong>A.</strong></span> <span class='ocrx_word' id='word_1_247' title='bbox 545 2567 605 2594; x_wconf 71' lang='grc' dir='ltr'><strong>ΒΣ.</strong></span> <span class='ocrx_word' id='word_1_248' title='bbox 626 2567 657 2599; x_wconf 82' lang='grc'><strong>2;</strong></span> <span class='ocrx_word' id='word_1_249' title='bbox 682 2567 936 2598; x_wconf 80' lang='lat' dir='ltr'><strong>conscriptum</strong></span> <span class='ocrx_word' id='word_1_250' title='bbox 957 2566 988 2591; x_wconf 83' lang='lat' dir='ltr'><strong>C.</strong></span> <span class='ocrx_word' id='word_1_251' title='bbox 1067 2566 1099 2598; x_wconf 90' lang='lat' dir='ltr'><strong>n)</strong></span> <span class='ocrx_word' id='word_1_252' title='bbox 1117 2566 1157 2590; x_wconf 79' lang='lat' dir='ltr'><strong>sic</strong></span> <span class='ocrx_word' id='word_1_253' title='bbox 1175 2566 1213 2596; x_wconf 83' lang='lat' dir='ltr'><strong>C,·</strong></span> <span class='ocrx_word' id='word_1_254' title='bbox 1233 2565 1365 2597; x_wconf 78' lang='lat' dir='ltr'><strong>Explicit</strong></span> <span class='ocrx_word' id='word_1_255' title='bbox 1384 2565 1522 2597; x_wconf 78' lang='lat' dir='ltr'><strong>prologus</strong></span> <span class='ocrx_word' id='word_1_256' title='bbox 1539 2564 1628 2590; x_wconf 73' lang='lat' dir='ltr'><strong>minio</strong></span> <span class='ocrx_word' id='word_1_257' title='bbox 1647 2565 1682 2592; x_wconf 75' lang='lat' dir='ltr'><strong>A.</strong></span> <span class='ocrx_word' id='word_1_258' title='bbox 1763 2562 1793 2597; x_wconf 91' lang='lat' dir='ltr'><strong>o)</strong></span> <span class='ocrx_word' id='word_1_259' title='bbox 1811 2571 1853 2589; x_wconf 72' lang='lat' dir='ltr'><strong>ee-</strong></span> 
     </span>
     <span class='ocr_line' id='line_1_35' title="bbox 371 2600 1443 2635; baseline -0.003 -8"><span class='ocrx_word' id='word_1_260' title='bbox 371 2603 485 2635; x_wconf 76' lang='lat' dir='ltr'><strong>quentia</strong></span> <span class='ocrx_word' id='word_1_261' title='bbox 503 2603 587 2627; x_wconf 78' lang='lat' dir='ltr'><strong>habet</strong></span> <span class='ocrx_word' id='word_1_262' title='bbox 604 2602 682 2627; x_wconf 74' lang='lat' dir='ltr'><strong>solus</strong></span> <span class='ocrx_word' id='word_1_263' title='bbox 701 2602 731 2629; x_wconf 83' lang='lat'><strong>0.</strong></span> <span class='ocrx_word' id='word_1_264' title='bbox 803 2603 834 2634; x_wconf 87' lang='lat' dir='ltr'><strong>p)</strong></span> <span class='ocrx_word' id='word_1_265' title='bbox 853 2601 978 2635; x_wconf 56' lang='lat' dir='ltr'><strong>uictori}</strong></span> <span class='ocrx_word' id='word_1_266' title='bbox 997 2601 1027 2628; x_wconf 82' lang='lat' dir='ltr'><strong>C.</strong></span> <span class='ocrx_word' id='word_1_267' title='bbox 1063 2601 1233 2625; x_wconf 79' lang='lat' dir='ltr'><strong>Emendavit</strong></span> <span class='ocrx_word' id='word_1_268' title='bbox 1253 2600 1443 2625; x_wconf 79' lang='lat' dir='ltr'><strong>Wanenbach.</strong></span> 
     </span>
    </p>
   </div>
   <div class='ocr_carea' id='block_1_11' title="bbox 370 2681 1915 3009">
    <p class='ocr_par' dir='ltr' id='par_1_13' title="bbox 370 2681 1915 3009">
     <span class='ocr_line' id='line_1_36' title="bbox 373 2681 1913 2729; baseline -0.001 -12"><span class='ocrx_word' id='word_1_269' title='bbox 373 2686 407 2729; x_wconf 92' lang='lat'><strong>1)</strong></span> <span class='ocrx_word' id='word_1_270' title='bbox 435 2685 549 2718; x_wconf 86' lang='lat' dir='ltr'><strong>Immo</strong></span> <span class='ocrx_word' id='word_1_271' title='bbox 573 2684 703 2727; x_wconf 86' lang='lat' dir='ltr'>XVII,</span> <span class='ocrx_word' id='word_1_272' title='bbox 729 2684 819 2717; x_wconf 77' lang='lat' dir='ltr'><strong>sicut</strong></span> <span class='ocrx_word' id='word_1_273' title='bbox 842 2683 1010 2726; x_wconf 76' lang='lat' dir='ltr'><strong>Siqebert.</strong></span> <span class='ocrx_word' id='word_1_274' title='bbox 1036 2686 1066 2716; x_wconf 86' lang='lat' dir='ltr'><strong>et</strong></span> <span class='ocrx_word' id='word_1_275' title='bbox 1090 2682 1195 2717; x_wconf 77' lang='lat' dir='ltr'><strong>Frut.</strong></span> <span class='ocrx_word' id='word_1_276' title='bbox 1220 2686 1251 2716; x_wconf 83' lang='lat' dir='ltr'><strong>et</strong></span> <span class='ocrx_word' id='word_1_277' title='bbox 1276 2684 1370 2717; x_wconf 65' lang='lat' dir='ltr'><strong>Ama.</strong></span> <span class='ocrx_word' id='word_1_278' title='bbox 1396 2681 1496 2716; x_wconf 78' lang='lat' dir='ltr'><strong>Saoeo</strong></span> <span class='ocrx_word' id='word_1_279' title='bbox 1523 2683 1613 2724; x_wconf 80' lang='lat' dir='ltr'><strong>(non</strong></span> <span class='ocrx_word' id='word_1_280' title='bbox 1640 2681 1853 2719; x_wconf 65' lang='lat' dir='ltr'><strong>ssietmar.)</strong></span> <span class='ocrx_word' id='word_1_281' title='bbox 1877 2690 1913 2716; x_wconf 72' lang='lat'><strong>3⁵</strong></span> 
     </span>
     <span class='ocr_line' id='line_1_37' title="bbox 371 2727 1851 2771; baseline -0.001 -7"><span class='ocrx_word' id='word_1_282' title='bbox 371 2735 612 2767; x_wconf 56' lang='lat' dir='ltr'><strong>correct-erunt.</strong></span> <span class='ocrx_word' id='word_1_283' title='bbox 658 2731 869 2765; x_wconf 78' lang='lat' dir='ltr'><strong>Heinrieum</strong></span> <span class='ocrx_word' id='word_1_284' title='bbox 894 2731 974 2763; x_wconf 78' lang='lat' dir='ltr'><strong>inde</strong></span> <span class='ocrx_word' id='word_1_285' title='bbox 998 2741 1021 2763; x_wconf 88' lang='lat' dir='ltr'><strong>a</strong></span> <span class='ocrx_word' id='word_1_286' title='bbox 1046 2740 1159 2764; x_wconf 76' lang='lat' dir='ltr'><strong>mense</strong></span> <span class='ocrx_word' id='word_1_287' title='bbox 1185 2730 1282 2764; x_wconf 81' lang='lat' dir='ltr'><strong>Maio</strong></span> <span class='ocrx_word' id='word_1_288' title='bbox 1307 2730 1398 2763; x_wconf 80' lang='lat' dir='ltr'><strong>anni</strong></span> <span class='ocrx_word' id='word_1_289' title='bbox 1421 2730 1500 2765; x_wconf 88' lang='lat'>919.</span> <span class='ocrx_word' id='word_1_290' title='bbox 1525 2730 1591 2771; x_wconf 64' lang='grc' dir='ltr'><strong>(οῗ.</strong></span> <span class='ocrx_word' id='word_1_291' title='bbox 1617 2728 1742 2770; x_wconf 77' lang='lat' dir='ltr'><strong>Sickel,</strong></span> <span class='ocrx_word' id='word_1_292' title='bbox 1768 2727 1851 2763; x_wconf 90' lang='lat' dir='ltr'><strong>DD.</strong></span> 
     </span>
     <span class='ocr_line' id='line_1_38' title="bbox 371 2776 1853 2822; baseline -0.004 -8"><span class='ocrx_word' id='word_1_293' title='bbox 371 2779 401 2820; x_wconf 89' lang='lat' dir='ltr'><strong>I,</strong></span> <span class='ocrx_word' id='word_1_294' title='bbox 421 2790 461 2822; x_wconf 78' lang='lat' dir='ltr'><strong>p.</strong></span> <span class='ocrx_word' id='word_1_295' title='bbox 480 2780 543 2821; x_wconf 85' lang='lat'><strong>37)</strong></span> <span class='ocrx_word' id='word_1_296' title='bbox 564 2789 671 2822; x_wconf 78' lang='lat' dir='ltr'><strong>usque</strong></span> <span class='ocrx_word' id='word_1_297' title='bbox 689 2778 736 2811; x_wconf 84' lang='lat' dir='ltr'><strong>ad</strong></span> <span class='ocrx_word' id='word_1_298' title='bbox 753 2779 833 2813; x_wconf 78' lang='lat'>936.</span> <span class='ocrx_word' id='word_1_299' title='bbox 850 2777 940 2810; x_wconf 80' lang='lat' dir='ltr'><strong>diem</strong></span> <span class='ocrx_word' id='word_1_300' title='bbox 956 2779 990 2813; x_wconf 84' lang='lat'><strong>2.</strong></span> <span class='ocrx_word' id='word_1_301' title='bbox 1007 2778 1137 2811; x_wconf 74' lang='lat' dir='ltr'><strong>mensis</strong></span> <span class='ocrx_word' id='word_1_302' title='bbox 1153 2777 1242 2810; x_wconf 81' lang='lat' dir='ltr'><strong>Iulii</strong></span> <span class='ocrx_word' id='word_1_303' title='bbox 1261 2776 1495 2820; x_wconf 77' lang='lat' dir='ltr'><strong>septemdecim</strong></span> <span class='ocrx_word' id='word_1_304' title='bbox 1512 2785 1626 2809; x_wconf 76' lang='lat' dir='ltr'><strong>annos</strong></span> <span class='ocrx_word' id='word_1_305' title='bbox 1642 2778 1673 2809; x_wconf 77' lang='lat' dir='ltr'><strong>et</strong></span> <span class='ocrx_word' id='word_1_306' title='bbox 1692 2778 1764 2808; x_wconf 81' lang='lat' dir='ltr'><strong>tres</strong></span> <span class='ocrx_word' id='word_1_307' title='bbox 1779 2776 1853 2816; x_wconf 79' lang='lat' dir='ltr'><strong>fere</strong></span> 
     </span>
     <span class='ocr_line' id='line_1_39' title="bbox 370 2821 1853 2869; baseline -0.001 -13"><span class='ocrx_word' id='word_1_308' title='bbox 370 2836 503 2859; x_wconf 74' lang='lat' dir='ltr'><strong>menses</strong></span> <span class='ocrx_word' id='word_1_309' title='bbox 526 2836 674 2869; x_wconf 76' lang='lat' dir='ltr'><strong>reymcm</strong></span> <span class='ocrx_word' id='word_1_310' title='bbox 706 2826 859 2858; x_wconf 74' lang='lat' dir='ltr'><strong>tenuisse</strong></span> <span class='ocrx_word' id='word_1_311' title='bbox 890 2827 1035 2859; x_wconf 72' lang='lat' dir='ltr'><strong>constat.</strong></span> <span class='ocrx_word' id='word_1_312' title='bbox 1094 2823 1242 2866; x_wconf 84' lang='lat' dir='ltr'><strong>Mirum,</strong></span> <span class='ocrx_word' id='word_1_313' title='bbox 1270 2824 1362 2868; x_wconf 77' lang='lat' dir='ltr'><strong>quod</strong></span> <span class='ocrx_word' id='word_1_314' title='bbox 1385 2822 1558 2864; x_wconf 65' lang='lat' dir='ltr'><strong>Erotem,</strong></span> <span class='ocrx_word' id='word_1_315' title='bbox 1586 2822 1693 2856; x_wconf 68' lang='lat' dir='ltr'><strong>Gesta</strong></span> <span class='ocrx_word' id='word_1_316' title='bbox 1718 2821 1853 2855; x_wconf 78' lang='lat' dir='ltr'><strong>Ottoni⁸</strong></span> 
     </span>
     <span class='ocr_line' id='line_1_40' title="bbox 371 2869 1853 2916; baseline -0.001 -11"><span class='ocrx_word' id='word_1_317' title='bbox 371 2883 401 2906; x_wconf 80' lang='lat' dir='ltr'><strong>v.</strong></span> <span class='ocrx_word' id='word_1_318' title='bbox 425 2874 469 2908; x_wconf 87' lang='lat'><strong>19</strong></span> <span class='ocrx_word' id='word_1_319' title='bbox 486 2883 571 2916; x_wconf 58' lang='lat' dir='ltr'><strong>sqq„</strong></span> <span class='ocrx_word' id='word_1_320' title='bbox 594 2873 644 2907; x_wconf 82' lang='lat' dir='ltr'><strong>ed.</strong></span> <span class='ocrx_word' id='word_1_321' title='bbox 662 2872 703 2907; x_wconf 90' lang='lat' dir='ltr'><strong>P.</strong></span> <span class='ocrx_word' id='word_1_322' title='bbox 720 2873 761 2905; x_wconf 84' lang='lat' dir='ltr'><strong>de</strong></span> <span class='ocrx_word' id='word_1_323' title='bbox 775 2871 987 2913; x_wconf 77' lang='lat' dir='ltr'><strong>Winterfeld</strong></span> <span class='ocrx_word' id='word_1_324' title='bbox 1006 2883 1041 2915; x_wconf 81' lang='lat' dir='ltr'><strong>p.</strong></span> <span class='ocrx_word' id='word_1_325' title='bbox 1060 2873 1141 2914; x_wconf 83' lang='lat'>205,</span> <span class='ocrx_word' id='word_1_326' title='bbox 1167 2872 1206 2904; x_wconf 82' lang='lat' dir='ltr'><strong>in</strong></span> <span class='ocrx_word' id='word_1_327' title='bbox 1230 2871 1374 2904; x_wconf 80' lang='lat' dir='ltr'><strong>eundem</strong></span> <span class='ocrx_word' id='word_1_328' title='bbox 1397 2880 1554 2903; x_wconf 82' lang='lat' dir='ltr'><strong>errorem</strong></span> <span class='ocrx_word' id='word_1_329' title='bbox 1571 2869 1715 2902; x_wconf 78' lang='lat' dir='ltr'><strong>inducta</strong></span> <span class='ocrx_word' id='word_1_330' title='bbox 1730 2869 1788 2903; x_wconf 75' lang='lat' dir='ltr'><strong>sit.</strong></span> <span class='ocrx_word' id='word_1_331' title='bbox 1805 2887 1853 2893; x_wconf 92' lang='lat'>—</span> 
     </span>
     <span class='ocr_line' id='line_1_41' title="bbox 372 2915 1915 2962; baseline -0.002 -9"><span class='ocrx_word' id='word_1_332' title='bbox 372 2921 403 2954; x_wconf 89' lang='lat'><strong>3.</strong></span> <span class='ocrx_word' id='word_1_333' title='bbox 431 2920 514 2962; x_wconf 71' lang='lat' dir='ltr'><strong>Req.</strong></span> <span class='ocrx_word' id='word_1_334' title='bbox 540 2921 573 2962; x_wconf 80' lang='lat'><strong>2,</strong></span> <span class='ocrx_word' id='word_1_335' title='bbox 601 2921 655 2954; x_wconf 90' lang='lat'><strong>11.</strong></span> <span class='ocrx_word' id='word_1_336' title='bbox 688 2920 743 2959; x_wconf 85' lang='lat'><strong>14,</strong></span> <span class='ocrx_word' id='word_1_337' title='bbox 769 2921 834 2954; x_wconf 78' lang='lat'><strong>20:</strong></span> <span class='ocrx_word' id='word_1_338' title='bbox 869 2917 952 2952; x_wconf 86' lang='lat' dir='ltr'><strong>Dies</strong></span> <span class='ocrx_word' id='word_1_339' title='bbox 979 2920 1111 2961; x_wconf 85' lang='lat' dir='ltr'><strong>autem,</strong></span> <span class='ocrx_word' id='word_1_340' title='bbox 1138 2917 1268 2961; x_wconf 86' lang='lat' dir='ltr'><strong>quibus</strong></span> <span class='ocrx_word' id='word_1_341' title='bbox 1291 2915 1456 2961; x_wconf 83' lang='lat' dir='ltr'><strong>regnavit</strong></span> <span class='ocrx_word' id='word_1_342' title='bbox 1482 2943 1490 2952; x_wconf 94' lang='lat'><strong>.</strong></span> <span class='ocrx_word' id='word_1_343' title='bbox 1517 2944 1525 2952; x_wconf 88' lang='lat'><strong>.</strong></span> <span class='ocrx_word' id='word_1_344' title='bbox 1553 2944 1561 2952; x_wconf 91' lang='lat'><strong>.</strong></span> <span class='ocrx_word' id='word_1_345' title='bbox 1589 2941 1609 2959; x_wconf 92' lang='lat'><strong>.‚</strong></span> <span class='ocrx_word' id='word_1_346' title='bbox 1644 2915 1728 2949; x_wconf 85' lang='lat' dir='ltr'><strong>anni</strong></span> <span class='ocrx_word' id='word_1_347' title='bbox 1756 2917 1851 2951; x_wconf 78' lang='lat' dir='ltr'><strong>sunt.</strong></span> <span class='ocrx_word' id='word_1_348' title='bbox 1876 2925 1915 2950; x_wconf 70' lang='lat'><strong>40</strong></span> 
     </span>
     <span class='ocr_line' id='line_1_42' title="bbox 372 2963 1853 3009; baseline -0.001 -10"><span class='ocrx_word' id='word_1_349' title='bbox 372 2966 429 3007; x_wconf 81' lang='lat' dir='ltr'><strong>Cf.</strong></span> <span class='ocrx_word' id='word_1_350' title='bbox 450 2967 480 3001; x_wconf 94' lang='lat'><strong>1.</strong></span> <span class='ocrx_word' id='word_1_351' title='bbox 498 2966 623 3001; x_wconf 80' lang='lat' dir='ltr'><strong>Paral.</strong></span> <span class='ocrx_word' id='word_1_352' title='bbox 641 2968 698 3009; x_wconf 79' lang='lat'><strong>29,</strong></span> <span class='ocrx_word' id='word_1_353' title='bbox 711 2967 768 3001; x_wconf 83' lang='lat'><strong>27.</strong></span> <span class='ocrx_word' id='word_1_354' title='bbox 858 2965 894 3009; x_wconf 80' lang='lat'><strong>2)</strong></span> <span class='ocrx_word' id='word_1_355' title='bbox 911 2965 963 3007; x_wconf 80' lang='lat' dir='ltr'><em>C&#39;f.</em></span> <span class='ocrx_word' id='word_1_356' title='bbox 982 2976 1097 3009; x_wconf 69' lang='lat' dir='ltr'><strong>wpra</strong></span> <span class='ocrx_word' id='word_1_357' title='bbox 1110 2977 1148 3009; x_wconf 77' lang='lat' dir='ltr'><strong>p.</strong></span> <span class='ocrx_word' id='word_1_358' title='bbox 1161 2967 1218 3007; x_wconf 81' lang='lat'><strong>33,</strong></span> <span class='ocrx_word' id='word_1_359' title='bbox 1237 2965 1259 3000; x_wconf 83' lang='lat' dir='ltr'><strong>l.</strong></span> <span class='ocrx_word' id='word_1_360' title='bbox 1276 2966 1330 3000; x_wconf 89' lang='grc'><strong>19.</strong></span> <span class='ocrx_word' id='word_1_361' title='bbox 1348 2967 1378 2998; x_wconf 81' lang='lat' dir='ltr'><strong>et</strong></span> <span class='ocrx_word' id='word_1_362' title='bbox 1394 2974 1429 2999; x_wconf 82' lang='lat' dir='ltr'><strong>n.</strong></span> <span class='ocrx_word' id='word_1_363' title='bbox 1444 2964 1476 2999; x_wconf 87' lang='lat'><strong>6.</strong></span> <span class='ocrx_word' id='word_1_364' title='bbox 1567 2963 1604 3007; x_wconf 90' lang='grc'><strong>3)</strong></span> <span class='ocrx_word' id='word_1_365' title='bbox 1620 2963 1675 3005; x_wconf 80' lang='lat' dir='ltr'><strong>Cf.</strong></span> <span class='ocrx_word' id='word_1_366' title='bbox 1691 2963 1853 3006; x_wconf 72' lang='lat' dir='ltr'><strong>praefat.</strong></span> 
     </span>
    </p>
   </div>
  </div>
 </body>
</html>
