2034 3380
388 329 574 365 RERUM
597 329 880 366 GESTARUM
901 330 1279 366 SAXONIOARUM
1303 330 1399 367 LIB.
1423 330 1499 367 111.
1617 333 1686 367 123

343 450 429 492 His
461 451 629 492 litteris
660 450 792 492 lectis
822 451 870 491 in
903 453 1132 492 conventu
1163 450 1351 505 populi1
1381 451 1431 492 in
1466 451 1567 493 loco
1607 452 1686 505 qui
1698 459 1781 494 968.

201 509 372 550 dicitur
405 509 562 551 Werla
608 522 759 550 coram
801 509 1083 563 principibus
1124 511 1171 551 et
1217 510 1478 563 frequentia
1523 510 1684 565 plebis,

198 568 347 610 visum
376 570 457 610 -est
502 581 657 623 pacem
704 568 794 608 iam
843 568 999 609 datam
1039 568 1247 609 Redariis
1293 570 1502 623 oportere
1549 570 1683 619 stare,

200 639 254 668 eo
300 627 422 680 quod
467 628 580 668 tunc
625 626 798 667 bellum
846 627 1114 668 adversuma
1161 626 1317 667 Danos
1362 630 1548 680 urgeret
1562 628 1589 677 ²,
1638 629 1685 669 et

156 699 174 725 ⁶
199 686 306 739 quia
338 685 494 740 copiae
527 685 676 725 minus
707 685 976 737 sufficerent
1007 685 1066 726 ad
1098 685 1189 726 duo
1221 685 1345 727 bella
1375 686 1549 740 pariter
1585 699 1685 727 con-

199 744 406 785 ficienda.

341 801 509 843 LXXI.
573 801 850 844 Graecorum
891 802 1048 856 itaque
1087 802 1254 857 legatis
1284 802 1533 857 imperator
1573 803 1684 844 satis
1698 809 1779 843 969.

199 861 387 902 credens
427 856 632 915 partemb
670 861 896 902 exercitus
936 875 1040 902 cum
1081 861 1310 916 plerisque
1353 861 1684 916 principalibus

197 919 306 960 viris
338 919 506 960 direxit
537 920 595 960 ad
628 920 892 961 condictum
922 919 1087 971 locum,
1126 934 1216 974 quo
1257 920 1321 962 eis
1362 923 1516 962 secusc
1555 934 1685 975 spon-

139 992 174 1017 10
198 978 370 1019 sionem
418 975 704 1031 legatorumd
750 978 907 1033 puella
950 979 1213 1020 traderetur
1259 980 1306 1020 et
1357 992 1460 1020 cum
1512 979 1684 1020 honore

198 1036 294 1077 filio
326 1037 646 1078 adduceretur.
709 1036 874 1079 Graeci
904 1051 1010 1079 vero
1043 1038 1102 1079 ad
1143 1040 1264 1078 artes
1305 1040 1545 1092 paternase
1584 1051 1685 1079 con-

198 1095 316 1136 versi
347 1117 406 1122 -—
436 1108 541 1136 nam
575 1097 707 1137 erant
738 1096 795 1137 ab
828 1096 1013 1137 exordio
1044 1096 1142 1137 fere
1182 1097 1343 1137 mundi
1383 1096 1682 1150 plurimarum

197 1154 404 1207 gentium
453 1154 638 1202 domini,
692 1156 739 1195 et
785 1168 897 1208 quos
942 1155 1114 1196 virtute
1161 1155 1426 1208 nequibant,
1476 1150 1681 1196 artibqu

198 1212 507 1266 superabant3
546 1235 604 1240 ——
644 1213 797 1254 subito
837 1217 1003 1267 superg
1046 1213 1299 1268 inprovisos
1340 1215 1387 1255 et
1427 1214 1571 1254 nichil
1611 1214 1685 1255 ad-

138 1284 172 1310 15
196 1271 316 1312 versi
347 1271 631 1325 suspicantes
662 1272 844 1312 irruunt
857 1271 885 1320 4,
920 1274 1071 1313 castra
1102 1272 1339 1326 diripiunt,
1382 1272 1535 1325 plures
1572 1272 1685 1313 occi-

198 1329 328 1379 dunt,
361 1329 516 1383 plures
548 1330 748 1384 capiunt,
782 1344 894 1384 quos
926 1333 974 1372 et
1006 1330 1456 1385 Constantinopolim
1496 1331 1684 1384 impera-

196 1388 287 1429 tori
347 1383 458 1429 suoh
514 1392 794 1442 presentant.
887 1388 978 1440 Qui
1027 1403 1134 1431 vero
1190 1389 1392 1444 effugere
1454 1391 1682 1444 poterant,

194 1447 363 1488 reversi
394 1447 453 1488 ad
483 1447 806 1502 imperatorem
837 1461 954 1501 quae
985 1450 1089 1489 acta
1120 1450 1229 1489 sunt
1259 1444 1564 1489 nuntianti-⁵.

340 1505 535 1546 LXXII.
618 1507 682 1547 At
738 1506 818 1548 ille
869 1520 1006 1561 super
1058 1507 1128 1548 his
1181 1510 1434 1548 commotus
1486 1508 1543 1548 ad
1596 1508 1683 1549 hoc
1697 1522 1823 1555 (Segne)

137 1576 174 1601 20
199 1563 396 1605 dedecus
438 1564 707 1606 diluendum
751 1579 853 1606 cum
895 1566 1024 1618 gravi
1070 1579 1210 1606 manu
1250 1566 1369 1607 viros
1416 1566 1681 1616 eminentes,

199 1622 460 1664 domesticis
508 1625 555 1664 et
601 1624 800 1664 externis
845 1624 1111 1665 rebus-iam
1158 1637 1292 1678 saepe
1333 1624 1479 1665 claros
1519 1625 1681 1675 factos,

199 1679 542 1722 Gunthariumfl
593 1684 639 1722 et
691 1678 1036 1735 Sigifridumk·⁷
1086 1682 1233 1723 mittit
1282 1682 1331 1722 in
1381 1682 1640 1724 Calabriam
1654 1683 1682 1723 3.

199 1738 364 1781 Graeci
410 1741 564 1781 autem
611 1741 833 1794 preterita
871 1741 1064 1782 victoria
1110 1740 1221 1782 elati
1268 1742 1315 1782 et
1361 1741 1512 1782 minus
1558 1742 1684 1783 cauti

199 1798 464 1839 ceciderunt
494 1798 542 1839 in
574 1812 735 1840 manus
767 1813 945 1848 eorum;
979 1813 1034 1841 ex
1065 1800 1230 1853 quibus
1262 1800 1502 1841 innumera
1532 1800 1683 1841 multi-

136 1868 172 1894 25
195 1857 358 1898 tudine
411 1870 553 1907 caesa,
601 1871 713 1911 quos
759 1854 1052 1912 supererant¹
1103 1859 1347 1913 capienteS‚
1395 1859 1683 1900 obtruncatis

195 1915 384 1956 naribus
414 1929 579 1957 novam
610 1916 802 1957 Romam
834 1930 1034 1958 remeare
1066 1918 1384 1971 permiserunt.
1440 1917 1681 1959 Tributum

194 1973 244 2014 in
285 1973 498 2015 Calabria.
543 1976 590 2016 et
631 1975 835 2029 Apuliam
866 1989 894 2016 a
934 1975 1120 2017 Graecis
1162 1978 1462 2026 extorserunt,
1506 1976 1682 2030 talique

195 2085 226 2118 a)
249 2087 290 2111 sic
313 2087 340 2112 B
357 2088 380 2114 1.
405 2087 432 2113 2.
460 2087 489 2115 0.
513 2088 603 2113 Saxo.
710 2088 741 2119 b)
765 2089 807 2113 sie
830 2091 855 2113 et
879 2089 989 2120 Siyeb.,·
1013 2096 1069 2121 par
1091 2090 1166 2120 (sine
1182 2092 1290 2121 puncto
1315 2092 1341 2114 et
1365 2090 1591 2122 abbreviatione)
1615 2090 1642 2114 B
1656 2092 1682 2118 ι,

197 2123 225 2153 c)
244 2129 328 2147 secus
348 2129 402 2149 om.
422 2123 454 2148 C.
535 2121 566 2152 d)
585 2123 691 2154 legatis
710 2124 774 2149 Bl.
856 2126 885 2155 e)
903 2126 1013 2156 primas
1032 2124 1062 2152 C.
1145 2125 1169 2155 f)
1188 2128 1252 2150 arte
1270 2125 1331 2151 ΒΣ.
1415 2127 1446 2157 g)
1464 2132 1556 2156 super
1573 2133 1629 2153 om.
1650 2125 1681 2152 G.

136 2158 172 2183 30
197 2157 229 2189 h)
247 2164 300 2182 suo
321 2164 376 2182 om.
397 2158 427 2184 C.
517 2158 539 2189 i)
556 2159 597 2182 sic
615 2158 654 2189 0,·
673 2159 854 2184 nunciabant
872 2160 935 2185 131.
955 2160 982 2187 2.
1064 2159 1096 2191 k)
1115 2160 1156 2184 sic
1173 2160 1236 2187 131.
1257 2160 1282 2187 2.
1302 2160 1478 2191 Thietmar.,·
1497 2161 1633 2185 sifridum
1653 2161 1682 2187 C.

196 2191 218 2225 l)
235 2196 379 2224 superant
396 2193 422 2218 B
433 2194 457 2220 1.
529 2193 569 2226 m)
588 2194 718 2225 Appulia
736 2194 800 2219 ΒΞ.

197 2286 232 2328 1)
267 2285 323 2327 Cf.
352 2296 466 2329 supra
493 2299 532 2331 p.
559 2289 616 2330 62,
643 2287 665 2322 l.
692 2289 751 2323 14:
791 2287 1004 2322 universalis
1028 2289 1155 2333 populi
1180 2289 1396 2333 conventi03
1425 2301 1463 2333 p.
1490 2291 1548 2331 95,
1574 2290 1597 2324 l.
1626 2291 1681 2325 13.

191 2344 229 2376 p.
258 2335 336 2374 100,
368 2333 390 2369 l.
415 2335 482 2368 30:
512 2333 724 2367 universalis
748 2335 876 2378 populi
900 2340 1117 2380 conventus3
1145 2347 1184 2380 p.
1213 2338 1292 2377 104,
1323 2337 1346 2371 l.
1375 2339 1439 2372 16:
1470 2336 1683 2370 universalis

196 2382 395 2413 conventus
426 2380 563 2424 populi.
624 2381 757 2415 Eodem
794 2383 849 2415 die
882 2382 1134 2416 Hildiwardus
1169 2386 1350 2427 episcopus
1381 2383 1684 2417 Halberstatensis

136 2436 171 2462 35
194 2427 334 2459 videtur
366 2437 436 2460 esse
468 2429 674 2461 constitutus
683 2439 698 2469 ;
730 2429 862 2462 Hauck
886 2429 961 2472 ΙΙΙ,
993 2442 1030 2474 p.
1058 2432 1135 2473 125,
1170 2441 1205 2465 n.
1231 2433 1264 2466 4.
1385 2432 1422 2474 2)
1458 2431 1511 2473 Cf.
1540 2431 1682 2473 Grund,

195 2472 460 2515 ‘Forschunqen
475 2485 508 2509 z.
526 2475 571 2509 D.
592 2475 725 2508 Gesch!
741 2476 810 2517 XI,
829 2487 868 2519 p.
888 2478 968 2512 565.
1062 2478 1098 2521 3)
1125 2478 1258 2510 Eadem
1283 2479 1421 2511 ratione
1441 2477 1682 2510 Widukindus

195 2521 339 2562 saepius
370 2520 478 2553 verba
509 2521 625 2554 verbis
658 2526 853 2566 comparat.
910 2524 963 2556 De
988 2523 1141 2567 Simeon,
1168 2525 1225 2559 (Ν.
1251 2525 1394 2558 Archiv’
1420 2524 1506 2567 XV,
1533 2536 1573 2567 p.
1598 2526 1680 2560 575.

194 2566 232 2610 4)
269 2566 326 2607 Cf.
359 2576 475 2610 supra
504 2578 543 2610 p.
576 2569 631 2610 16,
668 2568 689 2603 l.
718 2570 765 2604 28
786 2580 860 2613 sq.:
895 2568 1082 2604 Irruamus
1116 2571 1228 2615 igitur
1263 2583 1372 2614 super
1408 2571 1610 2615 inprovisos
1645 2573 1682 2605 et

195 2623 321 2646 somno
356 2613 532 2656 sepultos;
560 2625 600 2658 p.
627 2616 684 2656 59,
712 2615 735 2649 l.
762 2617 783 2650 3
801 2627 873 2659 sq.:
905 2627 1014 2660 super
1046 2618 1248 2662 inprovisos
1282 2629 1324 2652 ac
1358 2617 1496 2652 recenti
1529 2617 1681 2651 victoria

134 2670 171 2694 40
195 2669 339 2693 securos
373 2659 492 2693 subito
526 2660 642 2696 irruit.
786 2664 823 2705 5)
859 2664 977 2696 Aliter
1010 2675 1051 2697 ac
1083 2667 1212 2698 rectius
1246 2665 1375 2699 Chron.
1411 2664 1681 2697 Salernitanum

195 2716 222 2741 c.
260 2708 325 2741 171
349 2717 434 2750 sqq„
468 2706 531 2742 SS.
565 2707 639 2751 III,
674 2719 712 2751 p.
738 2710 819 2751 554,
853 2709 921 2743 has
952 2721 1010 2743 res
1041 2712 1166 2746 tradit.
1223 2712 1365 2744 Incerta
1398 2713 1525 2744 iterum
1558 2721 1680 2744 rerum

195 2753 409 2786 Italicarum
439 2755 543 2796 fama
578 2754 759 2788 Corbeiam
795 2759 947 2791 venerat.
1010 2757 1066 2798 Cf.
1100 2758 1285 2791 Dammler
1312 2769 1351 2801 p.
1377 2759 1448 2792 464
1463 2768 1562 2801 sqq.,·
1595 2758 1678 2800 Rey.

195 2799 286 2843 Imp.
304 2800 356 2842 II,
374 2811 432 2836 nr.
450 2803 517 2836 501
527 2811 560 2836 a.
658 2801 693 2846 6)
716 2801 959 2836 Marchionem
980 2805 1022 2845 (†
1039 2805 1137 2846 982),
1160 2804 1200 2837 de
1221 2815 1289 2847 quo
1309 2805 1385 2837 vide
1401 2804 1518 2847 Posse,
1540 2805 1681 2837 ‘Mark-

193 2847 325 2888 9rafen
340 2857 405 2880 von
418 2848 578 2881 Mmzssen’
591 2860 629 2892 p.
647 2849 776 2884 8—10.
814 2849 985 2882 Cononem
1001 2852 1157 2884 comitem
1174 2852 1460 2884 Alamannorum
1475 2851 1681 2884 Saxonum-

133 2901 170 2927 45
195 2902 261 2935 que
293 2897 463 2927 memorat
498 2895 627 2933 Chron,
662 2896 801 2930 Salern.
836 2905 864 2929 c.
893 2898 970 2931 173.
1092 2897 1127 2941 7)
1162 2897 1328 2931 Fortasse
1360 2900 1515 2931 comitem
1548 2898 1679 2932 Merse-

195 2938 410 2982 burymsem,
442 2943 507 2984 qui
536 2942 577 2974 in
609 2943 861 2986 diplomatibus
892 2954 915 2976 a
953 2945 1157 2980 961—980.
1190 2946 1356 2980 occurrit.
1491 2945 1529 2988 8)
1567 2945 1680 2979 Immo

194 2987 235 3018 in
258 2986 428 3029 Apuliam
438 2998 454 3027 ;
472 2998 587 3032 prope
609 2990 782 3022 Asculum
806 2991 977 3023 civitatem
995 2994 1197 3034 puynatum
1221 2995 1279 3026 est.
