2034 3380
383 339 450 373 106
978 337 1270 373 WIDUKINDI

289 461 369 497 955.
383 460 633 512 surgentes,
676 472 787 512 pace
825 459 934 499 data
965 460 1012 500 et
1052 461 1241 513 accepta
1280 472 1507 514 operaque
1548 473 1630 501 sua
1669 460 1864 514 primum

383 517 510 565 duci,
560 517 725 559 deinde
772 517 1082 572 unusquisque
1124 518 1258 560 alteri
1299 532 1402 560 cum
1443 521 1728 561 sacramento
1768 533 1865 573 pro-

382 575 604 626 missa³·¹‚
660 576 823 618 erectis
874 577 1015 630 signis
1066 578 1321 631 procedunt
1374 573 1621 628 castrisb·²,
1674 590 1865 620 numero

383 634 510 687 quasi
543 636 647 676 octo
679 634 912 689 legionum
927 635 955 673 3.
1018 635 1216 677 Ducitur
1247 637 1471 678 exercitus
1511 649 1592 690 per
1622 649 1783 691 aspera
1820 638 1866 678 et

384 692 594 734 difficilia
625 693 737 743 loca,
771 707 828 735 ne
852 695 1039 736 daretur
1060 695 1269 736 hostibus
1292 695 1423 750 copia
1443 695 1664 737 turbandi
1685 695 1865 749 sagittis
1891 709 1908 735 5

383 752 578 806 agmina,
611 752 776 806 quibus
806 754 1003 794 utuntur
1034 754 1264 803 acerrime,
1292 754 1489 795 arbustis
1512 767 1566 796 ea
1590 754 1867 808 protegenti-

383 810 481 851 bus.
544 810 743 852 Primam
776 814 823 854 et
854 812 1101 853 secundam
1132 812 1408 866 tertiamque
1439 812 1666 866 legionem
1699 813 1866 854 direxe-

383 871 492 910 runt
514 869 760 919 Boioariiss,
794 870 958 923 quibus
984 870 1256 924 prefuerunt
1278 871 1473 925 prefecti
1494 871 1622 912 ducis
1644 871 1865 913 Heinrici.

383 928 502 969 Nam
548 925 673 982 ipsed
719 928 842 970 bello
888 929 1074 970 interim
1116 929 1296 979 aberat,
1345 943 1397 971 eo
1445 930 1567 983 quod
1612 929 1867 972 valitudine

385 986 584 1040 corporis
630 986 902 1037 laborasset,
951 1001 1040 1041 qua
1085 989 1131 1029 et
1177 989 1384 1029 mortuus
1431 988 1542 1030 est4.
1613 987 1860 1039 Quartam⁶
1895 1003 1928 1028 ιο

384 1045 651 1086 ordinavere
677 1045 854 1095 Franci,
888 1059 1080 1100 quorum
1111 1049 1262 1088 rector
1294 1042 1374 1088 acf
1407 1048 1676 1101 procurator
1709 1043 1865 1100 [eratss‘]

386 1104 477 1144 dux
499 1099 816 1145 Ouonradush.
867 1104 926 1146 In
957 1105 1131 1158 quinta,
1165 1119 1280 1159 quae
1313 1108 1411 1147 erat
1443 1106 1651 1155 maxima,
1685 1119 1800 1160 quae
1822 1107 1869 1147 et

386 1162 626 1204 dicebatur
655 1163 794 1217 regia,
830 1163 926 1218 ipse
959 1164 1170 1218 princeps
1200 1164 1400 1205 vallatus
1440 1160 1595 1206 lectisi
1636 1177 1691 1207 ex
1730 1164 1869 1206 omni-

386 1217 499 1262 busk
535 1221 736 1262 militum
777 1218 985 1264 milibus¹
1027 1223 1256 1277 alacrique
1296 1223 1550 1274 iuventute,
1594 1226 1869 1277 coramquem

386 1293 438 1321 eo
471 1280 663 1334 angelus
677 1280 704 1330 5,
738 1294 876 1335 penes
908 1294 1042 1334 quem
1067 1282 1271 1331 victoria,
1306 1282 1445 1323 denso
1478 1282 1660 1336 agmine
1683 1282 1868 1323 circum-
1895 1295 1928 1322 15

386 1340 554 1393 septus.
593 1339 778 1380 Sextam
800 1342 846 1381 et
868 1339 1109 1393 septimam
1132 1342 1484 1382 construxerunt
1502 1340 1686 1390 Suavi¹²‚
1704 1341 1869 1394 quibus

387 1397 560 1451 prefuit
582 1397 921 1448 Burchardus0,
957 1399 1030 1440 cui
1055 1401 1275 1452 nupserat
1299 1399 1395 1440 filia
1415 1399 1572 1440 fratris
1597 1399 1717 1453 regis
1731 1399 1757 1438 ⁶.
1812 1399 1870 1440 In

386 1458 548 1497 octava
586 1458 718 1498 erant
750 1456 955 1507 Boemi12‚
990 1457 1126 1499 electi
1167 1457 1335 1499 milites
1367 1457 1507 1508 mille,
1549 1458 1686 1499 armis
1717 1458 1869 1512 potius

386 1515 601 1556 instructi
641 1529 777 1568 quam
816 1515 1025 1565 fortuna3
1071 1516 1119 1556 in
1161 1530 1251 1570 qua
1292 1518 1338 1558 et
1379 1517 1581 1558 sarcinae
1621 1529 1777 1558 omnes
1817 1529 1869 1558 ac

386 1573 701 1627 inpedimenta
741 1587 960 1628 quaeque,
1003 1575 1133 1629 quasi
1171 1575 1271 1630 ipsa
1311 1577 1430 1617 esset
1469 1575 1712 1625 tutissima,
1753 1588 1870 1629 quae
1895 1591 1931 1616 πο

387 1634 533 1673 essetq
570 1632 828 1674 novissima.
900 1633 988 1675 Sed
1029 1634 1164 1675 aliter
1202 1647 1274 1676 res
1314 1636 1418 1675 acta
1457 1636 1527 1676 est
1568 1638 1647 1676 acl·
1685 1634 1871 1676 arbitra·

388 1691 524 1732 batur
539 1690 565 1731 ⁷.
628 1691 747 1732 Nam
787 1691 981 1746 Ungarii
1019 1692 1165 1734 nichil
1207 1695 1476 1735 cunctantes
1517 1693 1641 1735 Lech
1681 1693 1871 1735 fluvium

387 1750 671 1791 transierunt
684 1751 711 1800 S,
754 1751 1204 1805 circumeuntesquess
1245 1752 1493 1793 exercitum
1533 1754 1781 1794 extremam
1812 1751 1870 1794 le-

386 1808 568 1862 gionem
609 1809 790 1864 sagittis
836 1808 1105 1852 lascesseret
1154 1813 1421 1865 coeperunt;
1471 1812 1517 1852 et
1559 1811 1721 1864 inpetu
1767 1824 1870 1851 cum

386 1868 565 1921 ingenti
612 1868 940 1910 vociferatione
991 1869 1163 1919 facto¹¹‚
1217 1869 1318 1910 aliis
1366 1869 1506 1911 caesis
1557 1869 1658 1911 velv
1709 1869 1868 1923 captis,
1895 1884 1929 1910 25

387 1926 574 1966 sarcinis
607 1926 817 1968 omnibus
849 1927 999 1981 potiti,
1038 1929 1240 1969 caeteros
1280 1928 1474 1982 legionis
1514 1927 1640 1969 illius
1671 1929 1870 1969 armatos

386 1985 546 2038 fugere
599 1985 933 2039 compulerunt.
1022 1986 1243 2028 Similiter
1295 1987 1535 2041 septimam
1588 2000 1639 2028 ac
1696 1989 1871 2028 sextam.

387 2043 601 2098 aggressi,
635 2043 844 2098 plurimis
877 2058 931 2086 ex
962 2045 1026 2086 eis
1057 2045 1185 2095 fusis,
1217 2045 1267 2086 in
1291 2045 1452 2099 fugam
1473 2047 1723 2087 verterunt.
1774 2045 1871 2087 Rex

386 2138 415 2171 a)
434 2139 576 2171 promisso
595 2139 621 2164 B
632 2141 655 2166 1.
728 2140 758 2171 b)
777 2147 792 2165 e
812 2140 915 2166 castris
933 2140 960 2164 B
972 2140 998 2167 2.
1017 2140 1116 2171 Erum
1135 2138 1172 2165 de
1193 2140 1297 2165 eastris
1310 2140 1384 2167 Arm.
1402 2140 1502 2172 Maqd.
1572 2139 1599 2173 e)
1617 2140 1743 2166 bawarii
1754 2142 1789 2168 A.
1807 2141 1870 2169 Bl.

387 2175 474 2201 Saxo.
493 2176 568 2202 Arm.
587 2175 702 2206 Maqd.;
722 2175 852 2200 Baioarii
870 2175 932 2203 B2.
948 2176 1031 2203 Frut.
1091 2176 1120 2206 d)
1139 2175 1204 2207 ipso
1223 2175 1290 2208 1323
1311 2179 1341 2201 et
1359 2176 1422 2208 ipse
1440 2176 1524 2202 Frut.
1583 2177 1610 2206 e)
1629 2182 1701 2202 uero
1722 2176 1792 2201 add.
1809 2175 1871 2203 132.
1896 2177 1931 2204 80

386 2209 409 2242 f)
428 2217 543 2241 procur.
563 2212 592 2235 et
612 2213 708 2236 rector
726 2211 793 2244 1323
814 2218 849 2236 ac
868 2218 948 2243 proc.
967 2218 1021 2238 om.
1040 2211 1113 2237 Arm.
1127 2211 1225 2242 Mayd.
1286 2214 1316 2243 g)
1334 2211 1374 2236 sic
1392 2211 1453 2238 ΒΞ.
1466 2211 1548 2238 Frut.
1561 2211 1648 2238 Saxo.
1668 2211 1871 2242 Ann.Mc19d.,·

387 2248 451 2270 erat
470 2252 523 2272 om.
537 2247 571 2272 A.
584 2245 610 2270 Β
621 2247 644 2273 1.
658 2246 689 2273 C.
745 2246 776 2277 h)
790 2245 935 2271 conradus
949 2246 983 2273 A.
996 2246 1023 2271 B
1034 2247 1057 2274 1.
1071 2246 1100 2273 C.
1113 2246 1203 2273 Saxo.
1216 2246 1290 2274 Ann.
1303 2246 1401 2277 Maqd.
1409 2255 1419 2277 ,·
1433 2245 1588 2271 eunt-udus
1600 2246 1668 2279 B2;
1683 2243 1871 2271 chuonradus

385 2281 467 2307 Frut.
522 2281 542 2311 i)
561 2281 664 2306 electis
677 2281 739 2309 Bl.
752 2282 840 2308 Saxo.
854 2283 927 2308 Arm.
940 2281 1041 2312 Mayd.
1102 2281 1133 2313 k)
1152 2281 1251 2306 multis
1270 2281 1331 2309 132.
1391 2281 1413 2313 1)
1431 2281 1573 2306 militibus
1591 2281 1653 2308 Bl.
1713 2280 1754 2314 m)
1773 2287 1870 2306 coram

385 2316 456 2347 (que
474 2315 541 2347 om.)
559 2316 620 2343 Bi.
692 2315 723 2347 n)
742 2317 782 2340 sic
800 2317 862 2343 Bl.
881 2317 918 2347 05
937 2314 1021 2341 sueui
1040 2317 1075 2343 A.
1095 2316 1155 2343 132.
1173 2316 1256 2343 Frnt.
1276 2316 1361 2343 Saxo.
1381 2316 1457 2342 Arm.
1473 2316 1573 2347 Mayd.
1648 2315 1677 2348 o)
1695 2316 1737 2340 sic
1754 2317 1790 2343 A.
1809 2316 1871 2343 Bl.

385 2350 468 2376 Frut.
486 2351 576 2377 Samo.
594 2351 669 2378 Ann.
684 2351 802 2382 Mayd.;
821 2350 990 2376 Burcardus
1010 2351 1078 2384 1323
1100 2351 1264 2383 burgardus
1282 2351 1313 2378 G.
1384 2350 1415 2384 p)
1434 2351 1557 2376 Bohemi
1574 2351 1642 2383 1325
1663 2351 1770 2376 boemii
1788 2351 1871 2378 Frut.
1895 2352 1929 2379 35

387 2385 473 2412 Saxo.
564 2386 594 2416 q)
618 2386 659 2410 sic
683 2386 769 2410 etiam
789 2387 863 2413 Arm.
881 2386 998 2417 Mayd.;
1023 2389 1053 2411 et
1074 2386 1156 2411 Frut.
1176 2386 1264 2413 Saxo.
1354 2386 1381 2418 r)
1406 2393 1494 2417 quam
1513 2386 1548 2413 A.
1568 2386 1657 2414 Saxo.
1676 2386 1750 2411 Arm.
1771 2386 1870 2418 Μσρά,

386 2421 412 2452 s)
435 2420 476 2445 sic
494 2421 529 2447 A.
548 2420 611 2445 132.
632 2421 664 2448 C.
680 2421 850 2451 (Thietmar.
869 2422 945 2449 Amr,
957 2421 1090 2453 Maqd.),·
1115 2421 1361 2453 circueuntesque
1374 2421 1401 2446 B
1412 2423 1436 2446 l.
1457 2421 1546 2449 Saxo.
1563 2421 1683 2452 (Fran),
1738 2422 1761 2453 t)
1779 2422 1819 2447 sic
1832 2422 1871 2453 C,-

386 2456 548 2481 lascescere
567 2456 594 2483 h.
613 2456 632 2483 l.
651 2456 702 2480 Bl
727 2457 840 2487 (priore
865 2464 877 2481 s
899 2458 1071 2488 super-scr.),·
1098 2456 1241 2482 lacessere
1260 2456 1296 2483 A.
1317 2456 1376 2483 ΒΞ.
1396 2457 1494 2488 Frut.,·
1521 2457 1670 2482 lacescere
1690 2457 1776 2484 Suam.
1796 2457 1872 2485 Arm.

386 2491 484 2522 Maqd.
557 2491 588 2523 u)
607 2491 685 2516 facta
705 2493 740 2519 A.
761 2491 791 2519 Ο,
863 2493 892 2522 v)
911 2492 977 2517 aliis
997 2491 1057 2519 ΒΞ.
1076 2491 1159 2518 Frut,

387 2562 421 2604 1)
451 2561 548 2594 Idem
582 2562 621 2594 in
651 2561 785 2604 proelio
818 2572 853 2595 a.
879 2563 958 2597 929.
993 2572 1070 2595 cum
1095 2561 1265 2596 Redariis
1288 2563 1468 2596 commisso
1491 2562 1628 2603 factum
1652 2573 1722 2597 esse
1745 2566 1871 2596 auctor
1894 2573 1930 2598 ιο

384 2618 498 2651 supra
509 2619 548 2652 p.
562 2609 620 2650 45,
638 2609 659 2643 l.
678 2610 783 2652 8899.
796 2609 920 2643 tradit.
947 2608 1003 2650 Cf.
1015 2609 1100 2644 ibid.
1117 2620 1153 2644 n.
1167 2610 1200 2644 3.
1273 2609 1310 2652 2)
1322 2609 1375 2651 Cf}
1389 2619 1503 2653 supra
1511 2621 1549 2653 p.
1564 2610 1620 2651 69,
1639 2610 1662 2645 l.
1677 2611 1732 2646 18.
1745 2613 1778 2642 et
1789 2619 1824 2645 n.
1836 2610 1869 2645 7.

386 2657 422 2699 3)
453 2655 509 2696 Cf.
535 2655 576 2689 de
600 2655 663 2688 hoc
687 2666 834 2689 numero
858 2655 986 2699 Kir'pke
1003 2667 1043 2700 p.
1064 2658 1151 2699 105;
1185 2657 1372 2689 Dammler
1389 2667 1430 2699 p.
1449 2657 1531 2697 256,
1559 2667 1594 2691 n.
1614 2657 1652 2699 13
1683 2656 1871 2690 Bruckrwr

387 2703 408 2737 l.
433 2702 454 2737 l.
479 2713 518 2745 p.
538 2704 594 2745 19,
619 2713 653 2737 n.
675 2703 706 2738 1.
818 2702 854 2747 4)
884 2702 975 2736 Obiit
1000 2704 1055 2737 die
1081 2705 1112 2739 1.
1138 2703 1355 2738 Novembris.
1399 2702 1454 2745 Cf.
1479 2704 1513 2739 4.
1529 2703 1614 2745 Ray.
1634 2704 1690 2743 13,
1716 2704 1781 2739 14:
1815 2701 1869 2736 iu-

385 2748 568 2794 firmitate,
595 2760 666 2793 qua
691 2751 729 2784 et
751 2751 916 2783 mortuus
942 2751 1005 2786 est.
1103 2751 1139 2794 5)
1170 2750 1227 2792 Cf.
1250 2750 1298 2785 K.
1322 2749 1366 2785 E.
1389 2749 1436 2785 H.
1463 2749 1613 2789 Krause,
1645 2749 1705 2785 (Ν.
1722 2749 1868 2783 Archiv'

385 2796 490 2839 XVI,
513 2807 550 2840 p.
569 2798 654 2840 6113
679 2807 793 2840 supra
811 2808 851 2840 p.
868 2798 927 2840 49,
946 2797 967 2832 l.
984 2798 1029 2832 14
1040 2807 1114 2841 sqq.
1199 2797 1234 2841 6)
1253 2796 1489 2830 Barchardus
1501 2796 1553 2839 II,
1577 2797 1869 2839 consanguineus,
1892 2803 1928 2831 46

385 2846 424 2874 ut
448 2843 598 2886 videtur,
623 2843 723 2877 ducis
747 2844 958 2878 Burchardi
980 2844 1011 2879 I.
1045 2855 1079 2878 a.
1105 2845 1185 2880 926.
1211 2845 1325 2887 occisi,
1359 2843 1537 2885 Liudulfo
1565 2847 1697 2877 remoto
1727 2854 1761 2878 a.
1787 2844 1867 2880 954.

386 2889 556 2923 Suaviam
571 2893 771 2933 receperam
787 2894 912 2934 postea
927 2891 1145 2934 Hadwiyam
1161 2890 1327 2925 Heinrioi
1339 2890 1454 2932 filiam
1470 2890 1588 2926 duxit.
1617 2890 1670 2932 Cf.
1684 2890 1869 2924 Mmmkr

382 2947 418 2980 p.
444 2937 526 2971 242.
624 2937 659 2981 7)
686 2937 832 2972 Sallust.
854 2937 933 2981 luy.
959 2948 986 2974 c.
1011 2940 1052 2973 7:
1086 2936 1161 2972 Sed
1186 2947 1229 2972 ea
1252 2947 1309 2971 res
1333 2936 1441 2981 longe
1466 2936 1572 2970 aliter
1597 2947 1640 2971 ac
1665 2939 1765 2972 ratus
1790 2938 1868 2972 erat

386 2982 514 3018 evenit.
565 2982 661 3016 Nam
685 2982 865 3027 Iugurtha
889 2987 949 3020 etc.
1046 2985 1082 3028 8)
1107 2985 1160 3019 De
1183 2984 1247 3017 hoo
1272 2984 1342 3017 loco
1369 2982 1568 3017 Grandaur
1593 2983 1614 3019 l.
1636 2985 1659 3019 l,
1687 2995 1723 3028 p.
1747 2985 1803 3020 99.
