2034 3380
147 1022 181 1047 10

62 1058 106 1091 *μ
119 1059 181 1086 446.

149 1315 182 1341 15

150 1611 184 1637 20

150 1906 185 1932 25

154 2454 188 2480 35

157 2952 191 2977 45

401 355 585 392 RERUM
611 356 894 393 GESTARUM
918 356 1295 393 SAXONICARUM
1319 356 1416 393 LIB.
1442 356 1495 394 H.
1648 359 1693 393 77

204 478 372 520 amicos
413 490 590 532 semper
629 477 795 519 habuit
835 480 882 519 et
922 491 1089 532 magna
1134 480 1365 531 potestate
1412 479 1693 529 clarificavit,

205 540 411 578 nostrum
454 549 740 578 communem
782 536 1018 577 dominum
1066 537 1245 578 deserui
1293 539 1340 578 et
1381 537 1577 579 Saxoni⁸
1623 552 1695 579 me

205 595 409 650 periculo
431 595 595 649 capitis
626 595 717 636 mei
747 595 936 645 sociavi;
970 595 1119 645 modo,
1143 598 1196 636 ut
1221 595 1359 644 scitis,
1393 592 1503 650 prob
1531 597 1695 638 merito

205 655 404 696 honore0
443 653 724 695 contumelia
764 654 822 695 ab
855 667 907 695 eo
940 653 1148 703 affectus,
1192 654 1329 695 armis
1371 655 1694 703 circumdatus,

206 727 321 768 pene
354 726 408 755 ex
439 712 584 754 libero
617 726 773 754 servus
803 713 957 754 factus
989 709 1176 754 sum‘Ll.
1241 713 1304 754 Ut
1336 726 1446 768 ergo
1477 714 1696 755 noveritis

205 785 277 814 me
329 785 384 813 ex
434 771 524 812 fide
577 771 808 812 communi
858 771 1056 812 utilitati
1106 772 1226 814 velle
1278 772 1537 822 consulere,
1595 772 1695 822 tibi,

205 830 442 879 Ansfride,
489 830 673 871 unicam
713 830 856 872 filiam
903 844 1051 873 meam
1094 831 1393 885 desponsabo,
1436 845 1526 885 quo
1567 831 1696 872 nullo

205 889 328 944 apud
375 902 454 930 vos
500 889 791 931 infidelitatis
843 889 1058 944 scrupulo
1110 890 1263 931 notari
1313 903 1491 944 queam.
1574 889 1697 931 Date

205 948 349 1002 igitur
380 947 532 989 locum
564 944 743 989 mutuif
770 948 1001 1003 colloquii,
1036 950 1083 990 et
1115 962 1170 990 ex
1201 961 1273 990 me
1304 949 1404 1003 ipso
1435 949 1574 991 fidem
1601 963 1697 1003 pro-

205 1006 388 1057 babitis,
422 1020 559 1061 quam
592 1006 698 1062 *per
727 1008 941 1048 nuntium
977 1007 1203 1050 necdumg
1231 1008 1453 1063 potestis’.
1510 1007 1607 1062 Ipsi
1639 1008 1698 1049 ad

206 1067 334 1116 haec,
368 1066 573 1120 quamvis
604 1066 744 1108 ferrei
775 1066 973 1120 pectoris
1005 1069 1156 1108 essent
1193 1068 1240 1108 et
1279 1066 1412 1107 illum
1453 1067 1545 1108 iam
1587 1066 1697 1108 olim

207 1127 470 1180 suspectum
501 1125 727 1167 haberent
741 1125 768 1186 ῗ,
800 1127 960 1167 tantae
981 1127 1138 1167 tamen
1165 1121 1440 1167 calliditatih
1468 1126 1696 1175 cedentes,

208 1183 503 1225 suasibilibus
535 1183 754 1225 emolliti¹
785 1184 934 1226 verbis
950 1184 978 1234 3,
1011 1186 1174 1226 mutuo
1207 1184 1382 1226 dabant
1413 1184 1565 1226 locum
1599 1198 1698 1226 con-

207 1242 399 1297 spectui.
459 1238 554 1283 Atk
590 1242 671 1284 ille
713 1245 912 1284 armatos
953 1243 1129 1284 habens
1170 1242 1282 1285 locis
1323 1244 1561 1298 oportunis
1603 1243 1699 1284 abs-

207 1301 416 1343 conditos
457 1301 564 1343 dolo
597 1301 754 1343 ambos
795 1302 918 1356 cepit
956 1303 1003 1343 et
1043 1302 1127 1343 sub
1170 1302 1380 1343 custodia
1419 1302 1518 1356 regi
1566 1302 1699 1344 desti-

207 1360 348 1409 navit,
382 1355 622 1401 mandato¹
652 1360 703 1400 in
733 1361 846 1402 haec
869 1360 1009 1402 verba
1035 1360 1206 1415 pariter
1228 1361 1425 1402 directo:
1451 1360 1642 1402 ‘Elatior
1653 1361 1697 1411 4¹,

206 1419 370 1473 inquit,
406 1419 489 1461 ‘est
519 1419 714 1470 mollior,
748 1419 944 1461 vinclism
972 1421 1054 1461 aut
1084 1419 1350 1461 verberibus
1380 1434 1475 1461 non
1504 1420 1697 1474 indiget,

208 1478 371 1519 minisn
398 1478 562 1533 pandit
593 1478 807 1520 universa
837 1491 954 1533 qua-e
983 1479 1083 1520 scit.
1136 1478 1354 1520 Ansfrid⁶
1381 1492 1488 1520 vero
1512 1479 1693 1520 durior⁰

207 1537 329 1578 ferro
362 1539 444 1585 est,
477 1537 601 1579 hunc
633 1537 672 1578 si
701 1539 933 1580 tormenta
964 1537 1185 1579 acerrima
1210 1538 1448 1589 rimentur,
1483 1551 1699 1593 magnum

209 1595 306 1638 est’.
389 1594 542 1646 quos
589 1609 693 1638 cum
738 1610 818 1638 rex
864 1597 1160 1651 suscepisset,
1209 1596 1447 1651 aliquanto
1493 1599 1700 1651 tempore

210 1655 447 1697 custodiae
478 1655 818 1709 mancipatione
851 1655 1107 1711 castigavit.
1170 1655 1337 1702 Postea
1373 1669 1482 1697 suae
1523 1656 1700 1710 gratiae

209 1713 403 1756 lenitate
435 1713 522 1755 sibi
553 1714 781 1756 associans
812 1715 862 1755 in
892 1727 1004 1769 pace
1027 1714 1214 1756 dimisit.
1268 1714 1382 1756 Cum
1406 1728 1514 1769 ergo
1537 1728 1700 1756 causae

210 1773 359 1814 causis
391 1774 466 1815 et‘l
492 1786 563 1814 res
595 1773 732 1815 rebus
762 1773 831 1814 ita
862 1773 1106 1828 copulatae
1129 1773 1267 1823 sintr,
1290 1775 1344 1814 ut
1365 1773 1700 1815 sententiarum

210 1831 370 1876 ordine
402 1831 600 1873 discerni
631 1831 746 1874 adeo
777 1846 870 1873 non
903 1832 1114 1881 debeant,
1147 1845 1282 1874 nemo
1314 1845 1387 1874 me
1408 1834 1693 1887 temporum⁸

209 1890 526 1932 vicissitudine
558 1892 756 1941 accuset,
789 1891 898 1932 dum
931 1891 1185 1946 posteriora
1217 1891 1523 1933 anterioribus
1545 1905 1701 1946 prepo-

209 1949 376 1991 suerim
408 1951 538 2004 gesta
551 1948 580 1989 ⁵.

351 2008 605 2050 XXVIIII.
683 2008 781 2050 Rex
830 2009 974 2063 igitur
1024 2009 1177 2050 vicina
1227 2006 1339 2051 sibit
1388 2022 1567 2064 semper
1617 2009 1700 2051 cle·
1715 2019 1794 2053 940.

213 2066 414 2108 mentia6
459 2070 648 2121 gravesu
693 2067 852 2108 fratris
899 2068 1141 2109 miseratus
1182 2067 1362 2109 labores
1378 2067 1403 2116 ⁷,
1452 2068 1702 2122 aliquantis

211 2125 403 2167 urbibus
435 2125 528 2166 suis
567 2125 755 2166 usibusv
792 2126 1015 2167 concessis
1056 2126 1302 2180 permissus
1343 2129 1412 2168 est
1451 2127 1607 2167 intraW
1638 2140 1701 2168 re-

212 2185 394 2239 gionem
426 2184 751 2225 Lothariorum
783 2185 994 2226 habitare
1007 2184 1036 2224 8.

211 2312 241 2342 a)
259 2310 431 2342 saxonibus,
458 2311 489 2343 b3
508 2310 612 2342 prima
631 2318 720 2335 manu
746 2311 814 2339 add.
833 2310 870 2342 G';
898 2310 1046 2336 Saxoniae
1072 2311 1130 2343 (me
1151 2313 1217 2343 om.)
1236 2312 1263 2336 Β
1276 2312 1302 2339 2.
1323 2312 1414 2338 Saxo.
1506 2310 1536 2344 b)
1562 2319 1616 2344 pro
1636 2315 1703 2343 post

212 2352 353 2377 superscr.
377 2346 404 2370 Β
419 2347 446 2371 1.
537 2344 564 2378 c)
589 2346 709 2371 honoris
738 2346 826 2373 Saxo.
917 2346 946 2377 d)
971 2353 1034 2371 sum
1061 2354 1117 2374 om.
1144 2347 1191 2378 Α,-
1218 2354 1283 2372 sum
1309 2347 1405 2372 factus
1429 2347 1517 2374 Saoeo.
1608 2349 1635 2378 e)
1663 2347 1704 2372 sic

212 2382 240 2408 h.
259 2382 278 2408 l.
297 2384 322 2406 et
341 2381 402 2409 32.
473 2379 499 2413 f)
524 2381 620 2406 mutui
645 2387 700 2408 om.
726 2382 768 2412 C,·
791 2384 894 2407 mutuo
918 2382 1065 2413 colloquio
1090 2383 1127 2408 A.
1200 2384 1229 2414 g)
1254 2381 1387 2408 nondum
1413 2383 1502 2410 Saxo.
1576 2383 1607 2413 h)
1632 2383 1702 2408 eali-

212 2415 299 2442 ditati
318 2416 348 2444 C.
420 2415 443 2450 ί)
461 2417 561 2442 uerbis
581 2417 680 2442 emoll.
699 2417 762 2445 Β1.
834 2416 867 2449 k)
886 2416 926 2442 Et
944 2417 1034 2445 Saoeo.
1106 2417 1128 2450 l)
1147 2416 1288 2443 mandato
1309 2425 1364 2445 om.
1379 2418 1442 2446 Bl.
1515 2417 1555 2451 m)
1574 2418 1702 2443 uinculis

212 2452 272 2478 ΒΞ.
293 2452 383 2478 Saxo.
454 2451 485 2484 n)
504 2451 600 2477 minus
619 2453 649 2480 0.
721 2451 751 2485 o)
775 2453 815 2477 sic
834 2453 895 2480 132.
915 2451 943 2480 C.
963 2453 1062 2483 Saxo:
1089 2451 1192 2479 durior
1211 2456 1258 2479 est
1275 2454 1354 2479 ferro
1374 2454 1417 2478 bis
1434 2454 1533 2485 script.
1550 2454 1596 2484 A,-
1622 2454 1702 2479 ferro

213 2486 316 2512 durior
335 2489 381 2512 est
397 2487 459 2514 Β1.
526 2488 557 2519 p)
576 2490 622 2513 est
639 2494 712 2519 quos
731 2488 792 2512 eine
809 2488 991 2513 distinetione
1009 2488 1045 2516 Δ.
1111 2490 1141 2520 q)
1159 2496 1196 2514 ac
1214 2489 1276 2516 132.
1294 2503 1330 2508 —
1348 2496 1395 2514 res
1416 2496 1471 2516 om.
1490 2488 1530 2519 Ο,-
1548 2489 1635 2514 rebus
1654 2496 1701 2514 res

213 2523 274 2549 B2.
355 2521 383 2555 r)
408 2524 479 2547 sunt
496 2522 558 2550 Bl.
630 2522 656 2555 s)
681 2525 846 2555 temperum
865 2524 925 2551 Β1.
1007 2523 1031 2555 t)
1055 2524 1096 2548 sic
1117 2524 1175 2551 Bi.
1197 2524 1229 2552 C.
1246 2524 1350 2554 Frut.,·
1374 2531 1492 2556 semper
1510 2525 1568 2549 sibi
1586 2525 1622 2552 A.
1642 2524 1703 2551 Β2.

214 2559 244 2588 ιι)
263 2557 363 2589 grauis
383 2557 414 2584 C.
485 2558 517 2588 v)
535 2558 682 2583 concessis
700 2558 802 2583 usibus
819 2559 883 2584 Β1.
957 2558 997 2591 w)
1016 2559 1047 2584 iu
1067 2562 1148 2585 terra
1166 2567 1229 2591 reg.
1247 2560 1316 2593 32;
1336 2560 1367 2584 in
1386 2560 1459 2587 loth.
1480 2560 1600 2592 regione
1618 2560 1701 2587 Frut.

215 2662 250 2705 1)
275 2662 328 2704 Cf.
354 2672 468 2705 supra
487 2673 526 2705 p.
544 2663 601 2705 42,
621 2663 644 2697 l.
663 2663 704 2697 6:
731 2660 890 2696 Saxonis.
907 2673 952 2697 ex
975 2674 1078 2698 serva
1100 2663 1198 2698 facta
1214 2666 1269 2699 est
1291 2664 1416 2700 libera.
1497 2665 1533 2708 2)
1554 2664 1700 2699 Sallust.

213 2709 293 2752 Iuy.
319 2719 345 2743 c.
367 2711 428 2744 71:
462 2720 509 2743 ne
543 2720 651 2753 super
683 2708 750 2742 tali
783 2709 918 2744 scelere
950 2713 1157 2755 suspectum
1190 2722 1267 2745 sese
1302 2711 1463 2747 haberet.
1515 2711 1570 2753 Cf.
1595 2713 1702 2753 infra

214 2756 287 2799 III,
308 2757 371 2791 10:
398 2758 604 2800 suspectum
630 2767 739 2800 super
763 2755 831 2790 hac
856 2767 964 2791 causa
987 2757 1203 2792 Heinrioum
1231 2786 1238 2793 .
1266 2786 1274 2794 .
1299 2758 1484 2793 habentes.
1581 2757 1618 2803 3)
1646 2758 1700 2801 Cf.

215 2805 318 2845 infra
341 2803 416 2846 HI,
436 2805 500 2839 19:
532 2802 762 2838 suasibilibus
787 2806 978 2848 corruptus
1003 2804 1134 2840 verbis,
1230 2805 1267 2849 4)
1292 2805 1487 2840 ArnolduS.
1582 2805 1618 2850 5)
1647 2806 1700 2848 Cf.

214 2850 255 2882 de
279 2850 342 2883 hoc
366 2850 435 2883 loco
459 2850 579 2884 Raase
606 2862 646 2893 p.
671 2852 718 2885 22
734 2861 807 2894 sqq.
921 2852 957 2893 6)
994 2852 1048 2894 Cf.
1081 2862 1195 2895 supra
1223 2863 1262 2894 p.
1289 2853 1345 2894 63,
1378 2853 1400 2887 l.
1427 2855 1448 2887 9
1465 2863 1515 2895 sq.
1542 2856 1572 2885 et
1604 2863 1641 2887 n.
1667 2855 1700 2887 2.

217 2895 251 2938 7)
273 2896 402 2938 Veryil.
424 2898 511 2932 Aen.
533 2898 565 2941 I,
590 2909 620 2933 v.
638 2900 726 2934 597:
751 2897 882 2932 Troiae
906 2898 1076 2932 miserata
1100 2898 1254 2934 labores.
1343 2898 1380 2943 8)
1406 2899 1519 2932 Immo
1535 2900 1702 2933 ducatum

215 2943 482 2978 Lothariensem
504 2944 674 2978 Heinrico
696 2949 780 2978 tunc
802 2947 1025 2979 commissum
1050 2956 1120 2979 esse
1143 2946 1274 2989 reliqui
1296 2947 1448 2979 tradunt
1457 2957 1473 2987 ‚·
1501 2947 1700 2989 Dammler,

217 2988 308 3023 ‘Otto
331 2990 365 3024 d.
394 2989 470 3026 Gr?
490 3001 530 3034 p.
559 2993 646 3034 1063
671 2993 715 3034 cf.
741 2992 874 3035 Lauer,
902 2992 962 3025 ‘Le
986 2991 1092 3035 reque
1115 2993 1157 3027 de
1181 2993 1293 3026 Louis
1317 2992 1397 3028 IV?
1417 3004 1456 3036 p.
1483 2995 1539 3037 59,
1565 3004 1601 3029 n.
1621 2996 1652 3029 7.
