2034 3380
498 887 940 952 ADDENDA
979 887 1092 952 ET
1128 888 1740 955 CORRIGENDA.

370 1079 422 1114 ‘H
448 1080 454 1086 .
506 1036 555 1088 ‘R
585 1038 616 1081 1,
654 1038 676 1073 l.
703 1039 760 1080 32,
796 1048 832 1073 n.
858 1037 872 1071 l
899 1041 980 1083 post
1004 1036 1036 1072 B
1054 1040 1076 1073 2
1102 1049 1246 1084 semper
1269 1039 1379 1073 adde:
1405 1041 1558 1085 excepto
1585 1050 1657 1074 uno
1682 1039 1776 1084 loco,
1801 1037 1867 1074 ubi

424 1083 601 1120 emncus'.
1803 1093 1805 1095 ’

515 1130 556 1166 Ρ.
582 1132 616 1175 4,
651 1132 673 1167 Ζ.
699 1133 732 1168 8.
758 1136 790 1166 et
810 1143 846 1177 p.
874 1134 908 1175 5,
933 1132 956 1166 l.
981 1132 1028 1168 30
1052 1131 1247 1167 Caeterum
1271 1138 1355 1178 (pro
1379 1132 1581 1177 Ceterum),
1607 1146 1645 1178 p.
1670 1135 1728 1178 42,
1757 1135 1779 1169 l.
1805 1135 1863 1170 21.

370 1173 526 1219 Caeteri,
558 1189 594 1222 p.
620 1180 677 1222 48,
718 1179 740 1214 l.
766 1181 824 1215 21.
861 1182 1023 1214 caeteros
1054 1181 1276 1214 scribendum
1309 1185 1368 1224 est,
1402 1185 1443 1215 ut
1475 1183 1580 1225 infra
1610 1191 1746 1225 semper
1770 1184 1802 1216 a
1824 1185 1865 1216 ut

373 1222 414 1257 G.
441 1223 488 1255 W
485 1226 560 1258 aitz
584 1236 719 1270 semper
741 1230 923 1270 posuerat,
953 1228 1039 1270 quia
1063 1228 1170 1261 codex
1196 1228 1227 1262 C
1240 1228 1451 1272 plerumque
1476 1230 1587 1274 cgter.
1613 1228 1725 1264 habet.

513 1272 553 1306 P.
580 1274 612 1314 9,
640 1273 664 1309 Ζ.
689 1275 746 1309 33.
772 1274 862 1316 leye:
888 1272 1011 1308 Bedae
1035 1273 1132 1310 Hist.

512 1318 554 1354 P.
583 1321 637 1358 12,
677 1321 699 1355 l.
733 1321 790 1356 25.
822 1322 878 1356 26.
916 1321 965 1354 ad
1000 1320 1236 1356 vehementer
1271 1323 1478 1356 attenuatus
1514 1323 1561 1364 cf.
1593 1322 1736 1358 Caesar.
1771 1322 1861 1356 Bell.

361 1366 428 1399 civ.
455 1365 529 1407 III,
555 1367 618 1402 89:
654 1366 799 1401 tametsi
831 1369 909 1402 erat
942 1394 950 1403 .
977 1394 986 1403 .
1014 1395 1022 1403 .
1054 1367 1179 1414 (legio)
1218 1368 1365 1413 proeliis
1393 1369 1631 1404 vehementer
1661 1371 1859 1412 attenuata,

366 1421 467 1455 quem
492 1412 603 1447 locum
631 1415 754 1448 attulit
779 1415 828 1450 M.
855 1415 1045 1450 Manilius.

513 1460 554 1495 P.
580 1462 638 1502 31,
665 1462 687 1496 l.
714 1463 748 1497 5.
774 1462 842 1504 leqe
867 1460 1001 1496 dicitur
1029 1462 1115 1506 (pro
1140 1461 1304 1507 dictiur).
1547 1496 1549 1498 .

366 1550 384 1585 f
512 1507 553 1542 P.
579 1509 637 1551 47,
675 1509 698 1544 l.
724 1510 781 1552 30,
820 1520 855 1544 n.
882 1519 900 1542 e
939 1510 1029 1552 leqe:
1067 1510 1129 1543 ‘sic
1163 1510 1246 1545 132.
1278 1509 1329 1550 0,·
1372 1508 1567 1544 liudolfum
1606 1510 1639 1543 Β
1662 1511 1702 1554 1;
1743 1507 1861 1544 ludol-

382 1563 445 1587 um
469 1554 538 1594 A’,·
567 1558 626 1590 eto.

512 1601 553 1638 P.
579 1602 637 1644 64,
676 1603 698 1638 l.
725 1605 780 1638 29.
813 1603 884 1645 leye
917 1613 938 1637 a
963 1601 1010 1640 V.
1037 1602 1089 1639 Gl.
1115 1601 1293 1638 Hersohel
1331 1604 1417 1648 (pro
1441 1602 1556 1647 Kohl)
1595 1605 1740 1648 reperta
1764 1604 1860 1641 sunt.
