2034 3380
115 1005 154 1030 10

115 1311 152 1337 15

113 1608 152 1633 20

114 1914 151 1940 25

114 2256 152 2283 30

114 2708 152 2734 40

117 2941 154 2967 45

384 335 570 372 RERUM
594 333 878 371 GESTARUM
901 332 1278 371 SAXONIOARUM
1302 333 1400 370 LIB.
1426 332 1458 370 Ι.
1623 334 1671 369 25

179 458 319 501 hibiti
355 460 463 500 sunt
504 472 531 499 a
571 459 790 500 consueta
829 455 1039 510 gentium
1079 455 1452 510 depopulatione.
1524 455 1671 510 Impe-

178 520 311 560 rante
343 519 499 559 autem
530 515 759 559 Amulf0¹
798 515 1086 557 destructum
1127 517 1197 556 est
1237 528 1366 568 opus,
1408 517 1455 556 et
1491 515 1565 556 via
1606 514 1689 563 eis,

179 577 377 620 nocendi
407 576 654 631 patefacta,
688 588 741 616 eo
773 574 896 628 quod
931 573 1078 615 iratus
1119 575 1238 616 esset
1278 573 1528 628 imperator
1561 573 1670 616 Oen-

179 635 480 692 tupulcho⁸·²
508 629 633 688 regib
663 634 945 675 Marorumss.
1004 632 1186 674 Deinde
1218 634 1438 686 quantam
1470 635 1671 687 stragem

179 697 489 750 quantamque
518 693 734 734 iniuriam
765 692 958 747 imperio
980 692 1260 733 Francorum
1291 691 1502 741 fecerint,
1534 691 1671 734 urbes

179 768 231 796 ac
262 753 473 808 regiones
512 748 694 795 adhuc‘1
729 751 964 794 desolatae
1003 752 1250 793 testantur.
1312 750 1441 793 Haec
1477 751 1581 792 ideo
1615 751 1670 792 de

179 813 265 855 hac
297 814 436 868 gente
468 812 620 854 dicere
650 811 865 853 arbitrati
895 824 1065 860 sumus,
1106 812 1161 851 ut
1192 810 1337 864 possit
1368 812 1451 851 tua
1485 810 1671 852 claritas

178 885 447 927 agnoscere,
495 885 600 913 cum
641 870 854 925 qualibus
895 883 980 912 avo
1020 873 1102 912 tuo
1142 869 1355 924 patrique
1400 869 1671 911 certandum

176 931 333 981 fuerit,
374 930 449 973 vel
489 933 541 972 ae
580 930 746 984 quibus
785 929 997 972 hostibus
1037 942 1118 984 per
1158 942 1314 971 eorum
1354 929 1671 984 providentiae

177 990 397 1032 virtutem
443 992 491 1032 et
531 1003 759 1031 armorum
801 989 1000 1043 insignia
1039 990 1143 1030 tota
1181 988 1275 1029 iam
1316 983 1445 1030 feres
1487 987 1671 1043 Europa

178 1049 376 1091 liberata
406 1049 480 1090 sit.

321 1119 424 1161 XX.
507 1119 746 1162 Predictus
804 1119 949 1173 igitur
1004 1118 1230 1160 exereitus
1283 1118 1592 1172 Ungariorum
1644 1132 1671 1159 a

178 1179 382 1222 Sclavisss
425 1179 698 1226 conductus,
747 1178 895 1219 multa
934 1179 1088 1232 strage
1127 1178 1177 1218 in
1218 1177 1418 1219 Saxonia
1455 1177 1582 1219 facta
1624 1180 1671 1219 et

176 1239 359 1279 infinita
391 1240 528 1292 capta
562 1238 714 1292 preda,
757 1232 1131 1278 Dalamantiamh
1166 1237 1339 1279 reversi
1379 1236 1566 1278 obvium
1606 1237 1671 1277 in-

177 1299 403 1339 venerunt
444 1297 586 1338 alium
627 1296 878 1338 exercitum
909 1295 1240 1350 Ungariorum3
1284 1295 1364 1350 qui
1404 1296 1671 1337 comminati

177 1358 285 1398 sunt
316 1355 489 1398 bellum
520 1356 693 1398 inferre
725 1355 883 1397 amicis
905 1369 1075 1405 eorum,
1099 1368 1152 1397 eo
1175 1355 1297 1409 quod
1319 1354 1492 1396 auxilia
1513 1367 1670 1397 eorum

176 1416 465 1471 sprevissent,
489 1415 598 1457 dum
618 1415 725 1456 illos
746 1415 805 1456 ad
825 1417 1006 1456 tantam
1028 1414 1217 1469 predam
1240 1414 1490 1456 duxissent.
1537 1414 1670 1456 Unde

175 1475 353 1517 factum
385 1476 468 1524 est,
500 1477 555 1516 ut
582 1475 784 1516 secundo
814 1469 1097 1516 vastareturi
1129 1473 1326 1515 Saxonia
1357 1473 1415 1515 ab
1439 1473 1668 1528 Ungariis,

176 1536 224 1576 et
254 1534 396 1589 priori
427 1533 631 1576 exercitu
670 1534 719 1575 in
752 1532 1049 1575 Dalamantia-
1088 1533 1341 1575 secundum
1382 1535 1668 1588 expectante,

175 1594 275 1648 ipsa
306 1607 485 1647 quoque
515 1593 565 1634 in
595 1595 775 1634 tantam
808 1592 1027 1647 penuriae
1059 1592 1287 1634 miseriam
1321 1593 1462 1634 ducta
1500 1592 1572 1640 sit,
1615 1595 1669 1633 ut

177 1652 280 1693 aliis
310 1652 577 1694 nationibus
609 1665 663 1694 eo
695 1665 815 1693 anno
846 1651 1011 1694 relicto
1043 1651 1228 1707 proprio
1261 1651 1358 1693 solo
1379 1665 1462 1707 pro
1485 1665 1668 1693 annona

177 1711 413 1754 servirentg

317 1782 449 1824 XXI.
495 1782 650 1836 Igitur
679 1784 810 1837 patre
836 1781 1040 1837 patriae³
1065 1784 1112 1824 et
1137 1795 1304 1836 magno
1332 1782 1448 1824 duce
1476 1781 1668 1824 Oddone
1682 1789 1764 1823 912.

176 1841 420 1892 defuncto,
479 1841 652 1883 illustri
704 1843 751 1883 et
803 1841 1044 1895 magnifico
1097 1840 1192 1882 filio
1246 1840 1465 1883 Heinrico
1523 1841 1668 1882 totius
1681 1835 1769 1866 (Nm

176 1900 400 1942 Saxoniae
449 1896 608 1955 [ipsek]
661 1900 851 1954 reliquit
902 1901 1122 1942 ducatum
1135 1899 1166 1940 4.
1250 1899 1366 1942 Cum
1418 1903 1575 1942 autem
1627 1901 1668 1942 ei

176 1962 329 2002 essent
372 1962 419 2002 et
465 1959 547 2001 alii
591 1959 694 2010 filii,
739 1955 1075 2001 Thancmarus¹
1123 1961 1170 2001 et
1216 1959 1511 2009 Liudulfusm,
1560 1962 1669 2002 ante

176 2021 354 2073 patrem
398 2032 530 2060 suum
575 2018 803 2060 obierunt.
876 2018 975 2060 Rex
1019 2020 1174 2060 autem
1219 2018 1518 2060 Cuonradusn
1564 2033 1668 2060 cum

177 2091 311 2132 saepe
344 2079 559 2132 expertus
591 2079 712 2119 esset
742 2078 963 2119 virtutem
994 2078 1102 2119 novi
1134 2078 1275 2125 ducis,
1308 2078 1483 2119 veritus
1516 2080 1585 2120 est
1627 2078 1669 2120 ei

175 2137 358 2179 tradere
390 2150 572 2178 omnem
603 2138 883 2192 potestatem
915 2136 1059 2191 patris
1073 2135 1101 2176 ⁵.
1154 2135 1256 2188 Quo
1288 2136 1466 2178 factum
1499 2140 1581 2186 est,
1615 2140 1668 2178 ut

175 2259 205 2288 a)
229 2256 451 2289 Centupulchro
469 2257 532 2284 ΒΞ.
615 2257 646 2288 b)
669 2257 735 2289 regi
754 2264 808 2284 om.
827 2257 889 2284 ΒΞ.
978 2259 1005 2287 c)
1030 2258 1071 2282 sic
1089 2257 1127 2286 A.
1146 2257 1185 2287 Ο,-
1203 2264 1373 2283 maurorum
1391 2258 1419 2283 Β
1430 2259 1459 2291 1;
1478 2259 1669 2284 Morauorum

175 2292 242 2325 323
262 2299 486 2318 mai-suarorum
503 2293 588 2320 Frut.
678 2291 709 2326 d)
728 2293 766 2318 ad
786 2293 843 2318 huc
861 2293 974 2318 duabus
992 2293 1105 2318 vocibus
1124 2294 1160 2320 A„
1251 2295 1278 2324 e)
1300 2301 1318 2319 a
1338 2300 1393 2320 om.
1411 2294 1474 2322 Bl.
1564 2294 1588 2326 f)
1607 2294 1669 2319 fere

176 2335 232 2355 om.
253 2328 283 2356 C.
354 2330 384 2360 g)
402 2329 444 2353 εἰσ
462 2329 498 2356 Α,
518 2328 590 2360 BQ
616 2329 702 2353 modo
726 2328 815 2359 slaui,
841 2329 926 2354 modo
948 2329 1041 2354 sclaui
1065 2329 1091 2353 B
1105 2330 1135 2361 13
1155 2329 1327 2361 plerumque
1350 2328 1438 2361 slaui,
1462 2337 1669 2362 nonnunquam

176 2363 275 2388 littera
302 2371 318 2389 c
343 2364 541 2396 superscripta
570 2363 601 2391 G.
649 2363 747 2390 sclavi
775 2364 862 2389 etiam
890 2364 920 2388 in
948 2364 1024 2392 Ann.
1051 2364 1212 2393 Corben‘ens.
1239 2367 1264 2389 et
1291 2365 1322 2389 in
1350 2365 1457 2390 tabulis
1485 2365 1616 2390 Heinrtcu·
1644 2369 1669 2390 et

175 2398 288 2424 ottonis
311 2399 340 2427 Ι.
364 2406 476 2432 semper
499 2399 645 2426 scribitur.
746 2398 778 2431 h)
803 2399 834 2424 in
858 2399 1039 2425 Dalmatiam
1065 2400 1130 2426 ΒΞ.
1234 2399 1255 2433 i)
1279 2403 1434 2426 vastarent
1457 2401 1613 2426 saxoniam
1640 2402 1670 2429 C.

175 2433 208 2467 k)
220 2434 284 2466 ipse
297 2441 412 2460 erasum
425 2436 456 2467 C,
470 2436 546 2460 deest
557 2435 593 2462 A.
605 2435 632 2460 Β
642 2436 666 2462 1.
679 2435 756 2461 Amo.
772 2435 848 2462 Μαί.
860 2435 944 2463 Fran.
1010 2435 1032 2467 1)
1044 2435 1239 2468 thangmarus
1253 2437 1289 2463 Δ.
1304 2436 1330 2460 Β
1341 2437 1364 2463 1.
1431 2438 1472 2466 111)
1485 2435 1613 2462 ludolfus
1627 2440 1651 2463 A
1658 2446 1669 2467 ,-

174 2470 321 2495 Luitolfus
339 2471 401 2499 ΒΞ.
471 2473 503 2502 11)
521 2467 691 2496 οὶιθιιηᾱιιε
711 2472 755 2501 Α,·
773 2469 930 2496 eum-adas
949 2471 1016 2504 1383
1038 2470 1183 2496 conradus
1203 2472 1234 2500 C.
1252 2473 1328 2499 Anu.
1344 2472 1424 2500 Mete.
1443 2472 1540 2503 δοκῶ,-
1559 2473 1670 2498 chuon-

176 2504 266 2531 radus
284 2505 369 2531 Frut.
407 2506 452 2537 Cf.
470 2513 562 2539 supra
580 2514 616 2538 p.
635 2506 680 2538 22,
706 2513 734 2534 n.
752 2505 772 2534 i,

176 2609 207 2638 et
231 2605 318 2639 locos
341 2606 468 2639 ibidem
491 2617 528 2642 n.
550 2608 584 2642 3.
609 2606 786 2648 laudatos,
811 2606 938 2650 quibus
962 2608 1145 2640 convenire
1169 2606 1334 2640 videntur
1358 2608 1454 2642 Ann.
1480 2607 1668 2651 Ratispon.

175 2663 209 2687 α.
226 2654 308 2695 894,
334 2653 397 2688 SS.
414 2653 541 2696 XVII,
562 2664 602 2696 p.
620 2654 710 2689 582:
735 2652 915 2687 Arnolfus
937 2652 1121 2698 Ungarios
1146 2653 1283 2690 eduxit.
1327 2654 1382 2697 Cf.
1407 2656 1514 2688 etiam
1537 2655 1668 2690 Istam.

179 2699 278 2743 Oriq.
302 2700 374 2742 IX,
397 2702 432 2743 2,
458 2702 526 2736 66:
558 2699 700 2735 Abares
735 2727 744 2736 .
775 2728 783 2736 .
814 2728 822 2736 .
856 2699 1064 2744 pernicibus
1098 2700 1199 2745 equis
1224 2700 1377 2735 Caucasi
1409 2700 1571 2746 rupibus,
1606 2702 1670 2736 ubi

176 2746 270 2781 feras
294 2749 424 2793 gentes
448 2746 654 2782 Alexandri
677 2747 833 2782 claustra
861 2746 1045 2791 cohibent,
1079 2750 1288 2792 eruperunt.
1411 2748 1445 2793 1)
1479 2750 1525 2784 A.
1550 2751 1669 2786 887—

176 2795 258 2830 899.
377 2794 414 2840 2)
452 2795 662 2839 Swatopluk
695 2796 768 2829 sive
799 2794 1062 2829 Zwentibaldus
1096 2796 1174 2829 ἅμα·
1206 2796 1451 2839 Moravmmm,
1488 2796 1673 2830 Rusti-slat·

178 2851 283 2884 nepos
306 2845 337 2875 d
359 2852 534 2877 sumssor
557 2853 592 2878 a.
616 2843 817 2878 870—894.
927 2844 963 2886 3)
996 2843 1053 2884 Cf.
1084 2843 1190 2884 infra
1221 2843 1251 2885 I,
1278 2844 1336 2878 39.
1368 2843 1421 2886 II,
1448 2845 1479 2879 1.
1510 2844 1586 2886 III,
1610 2846 1668 2880 49.

178 2887 215 2931 4)
240 2887 415 2928 Quomodo
429 2890 623 2932 Frutolfus
646 2891 688 2923 in
710 2889 938 2934 autoyrapho
961 2900 1026 2924 suo
1046 2890 1142 2923 hunc
1158 2890 1269 2924 locum
1286 2892 1488 2934 mutaverit,
1505 2892 1669 2925 describit

179 2934 350 2969 Bresslau
373 2937 431 2972 ίΝ.
455 2936 600 2971 Archiv’
626 2937 735 2980 XXI,
768 2949 806 2981 p.
832 2938 903 2973 204
917 2947 969 2980 sq,
1065 2938 1102 2981 5)
1135 2937 1332 2973 Thietmar.
1357 2938 1389 2980 I,
1410 2939 1443 2980 7,
1473 2938 1537 2974 SS.
1563 2949 1596 2973 r.
1625 2939 1667 2972 G.

174 2991 213 3024 p.
248 2983 290 3017 5:
330 2981 469 3018 iuvenis
506 2984 543 3018 in
578 2995 734 3019 vacuum
771 2983 967 3019 succedens
1004 2983 1246 3019 hereditatem
1282 2985 1360 3019 iure
1395 2989 1435 3021 et
1470 2985 1669 3020 maximam

1781 1835 1840 1867 30).
