2034 3380
763 325 1072 363 PRAEFATIO.
1539 296 1554 307 “
1568 323 1664 360 XIX

171 452 296 495 Alios
315 466 473 506 quoque
494 452 602 493 locos
621 454 660 492 et
681 447 990 492 Widukindum
1020 446 1159 499 ipsum
1184 450 1433 488 retractasse
1458 451 1497 488 et
1521 459 1662 488 eorum

171 511 454 565 antiquiorem
484 508 765 552 recensionem
786 507 918 549 classe
940 505 983 547 B
1007 509 1218 547 servatam
1240 518 1326 546 esse
1347 505 1534 547 conicere
1555 505 1661 548 licet.

172 571 242 623 ΙΙ,
271 575 335 612 16.
359 570 536 624 praebet
561 567 606 609 B
635 565 835 608 Hadaldi.
865 563 1096 608 camerarii
1127 565 1186 606 ad
1215 563 1488 606 Isilberhtum
1519 565 1663 607 ducem

173 629 475 672 Lotbariorum
515 625 828 669 oratiunculam
867 624 1016 666 talem:
1063 624 1315 678 Imperium
1354 623 1454 672 tibi,
1498 624 1661 677 inquit,

130 705 148 731 5
173 688 327 743 regale
367 687 490 729 facio
531 688 744 741 presente
785 684 968 739 populo,
1017 683 1091 725 sed
1131 681 1189 725 0:
1233 682 1444 737 Imperio,
1486 682 1661 736 inquid,

171 747 260 788 tibi
291 746 437 801 regali
469 746 709 795 denuncio,
742 747 861 786 teste
894 742 1077 798 populo.
1135 741 1235 793 III,
1261 745 1329 782 69.
1357 739 1425 782 B:
1457 741 1663 783 Audiens

172 809 324 848 autem
362 805 694 847 Wichmannus
734 803 895 845 urbem
943 804 1126 856 captam
1173 801 1407 854 sociosque
1449 800 1662 849 afflictos,

169 863 244 907 ubi
288 864 332 906 A
379 865 731 914 circumventos,
785 860 821 904 Ο
865 874 1125 917 oppressos;
1174 860 1343 902 verbum
1391 859 1589 901 afflictos
1636 874 1664 901 a

179 922 441 967 Widukindo
471 923 571 964 inde
601 926 806 964 mutatum
837 934 923 962 esse
944 918 1207 971 crediderim,
1231 919 1341 972 quod
1362 917 1517 971 paucis
1538 917 1665 960 lineis

111 1000 146 1026 ιο
171 982 366 1036 superius
416 981 586 1035 scriptis
638 981 896 1034 leyerentur:
954 980 1129 1021 Milites
1172 978 1469 1019 Wiehmanni
1526 978 1663 1019 variis

171 1043 329 1097 poenis
361 1041 529 1083 afflixit
544 1041 569 1084 1.
653 1040 763 1082 'alde
795 1038 948 1081 dubius
980 1042 1118 1080 tamen
1150 1038 1314 1089 haereo,
1348 1051 1449 1079 num
1481 1036 1663 1090 capitum

171 1100 420 1143 divisionem
451 1104 490 1142 et
517 1099 679 1142 indices
709 1098 891 1152 sinyulis
922 1097 1045 1139 libris
1067 1096 1330 1150 praemissos
1359 1095 1490 1138 unius
1511 1095 1665 1138 codicis

169 1159 256 1213 ipsi
285 1158 546 1202 Widuhindo
579 1158 761 1200 tribuam
776 1159 802 1197 ².
866 1156 1014 1198 Etiam
1045 1156 1094 1197 in
1119 1155 1268 1209 prima
1298 1169 1423 1208 quam
1466 1155 1665 1197 habemus

168 1279 258 1309 recte
283 1276 418 1318 statuit,
445 1275 538 1318 quod
563 1275 636 1310 iam
661 1274 782 1307 littera
801 1274 830 1307 C
851 1274 884 1306 ei
907 1273 1101 1315 adsiynata
1126 1272 1306 1306 indicavit.
1349 1271 1418 1304 Nec
1443 1275 1559 1304 tamen
1575 1272 1666 1304 satis

112 1330 146 1356 15
169 1322 297 1356 diserte
321 1332 362 1355 ac
382 1323 492 1367 plane
515 1332 629 1366 supra
649 1332 688 1364 p.
706 1321 788 1356 XV.
814 1321 939 1353 statuit
964 1339 1008 1344 —-
1035 1319 1128 1363 quod
1145 1319 1244 1352 ultra
1261 1327 1394 1352 omnem
1413 1318 1664 1351 dubitationem

169 1373 305 1404 constat
330 1390 374 1394 —
394 1373 475 1414 post
499 1373 605 1412 caput
630 1368 704 1411 ΙΙΙ,
731 1370 787 1404 63.
822 1368 1059 1410 conscriptum
1091 1366 1351 1399 Widulcindum
1378 1367 1542 1408 primum
1573 1366 1664 1399 libro

170 1417 274 1459 finem
307 1417 451 1452 dedisse.
509 1417 589 1449 Iam
618 1417 734 1460 plura
768 1416 898 1449 addere
930 1414 1146 1458 supersedeo,
1180 1424 1258 1446 cum
1293 1413 1527 1446 Hermannus
1556 1413 1665 1447 Bloch

170 1475 254 1499 mox
278 1475 382 1498 suam
397 1466 603 1498 sententiam
615 1465 870 1507 propositurus
885 1463 933 1495 sit
949 1463 991 1495 de
1009 1461 1182 1495 codicibus
1198 1460 1420 1495 Widulcindi.
1459 1460 1496 1494 0.
1514 1460 1662 1503 H.-E.].

173 1512 207 1555 1)
245 1511 322 1553 III,
353 1513 409 1548 39.
444 1512 546 1546 habet
575 1511 665 1546 132:
702 1509 932 1554 Reinespurg
957 1519 1050 1553 pene
1075 1507 1193 1542 omnis
1228 1507 1397 1552 proxima
1430 1510 1537 1541 nocte
1572 1518 1662 1551 arsa,

110 1567 146 1593 20
170 1559 232 1593 ubi
256 1561 311 1593 est
335 1570 415 1593 arsa
431 1560 476 1602 A,
504 1560 734 1593 concremata
755 1558 788 1591 Β
802 1559 834 1593 1.
854 1557 890 1592 C.
927 1557 1024 1592 Ann.
1040 1556 1274 1599 Maydebury.
1291 1555 1371 1597 (ubi
1388 1557 1442 1589 est
1467 1555 1661 1599 additum),

172 1609 299 1641 exusta
324 1609 378 1641 est
394 1606 514 1648 Frut,
538 1605 685 1639 incensa
711 1607 763 1639 est
780 1604 890 1639 Samo.
932 1603 1003 1636 Hic
1027 1614 1106 1637 arsa
1132 1605 1170 1636 in
1195 1607 1329 1636 textum.
1355 1603 1430 1636 ideo
1454 1603 1662 1647 recepimus,

171 1654 263 1697 quod
288 1655 442 1687 maoeime
467 1653 660 1687 abhorreat
685 1652 729 1685 ab
762 1653 966 1685 urbanitate
1001 1652 1143 1694 linquae
1168 1651 1346 1684 Latinae:
1380 1650 1446 1683 hac
1479 1651 1520 1683 de
1552 1660 1664 1683 causa

166 1702 330 1744 primum
354 1702 526 1745 scriptum
550 1702 661 1743 fuisse
693 1700 883 1733 verisimile
916 1702 976 1741 est,
1010 1703 1131 1742 postea
1166 1701 1359 1731 correctum
1394 1699 1439 1741 [a
1472 1697 1600 1730 scribis
1632 1701 1663 1731 et

172 1749 374 1782 auam-ibus
407 1748 623 1781 Widulcindi
655 1747 786 1780 librum
811 1746 1086 1780 exscribentibus
1109 1747 1211 1778 rario
1235 1745 1344 1779 modo.
1404 1745 1499 1778 Sane
1532 1746 1663 1778 conicio

111 1803 148 1829 25
171 1799 203 1830 et
235 1796 465 1829 Annali-stam
490 1795 828 1837 Maydeburyensem
862 1797 892 1828 et
927 1793 1135 1834 Frutolfum.
1171 1796 1201 1825 et
1231 1793 1468 1826 Annalistam'
1487 1792 1663 1826 Saxonem

172 1853 253 1876 arsa
277 1845 317 1877 in
340 1844 417 1877 suis
440 1843 614 1877 codicibus
647 1843 770 1885 leqisse
802 1845 833 1875 et
866 1841 1015 1884 offensos
1049 1840 1274 1873 barbarismo
1310 1844 1473 1882 mutasse,
1507 1840 1664 1883 idemque

171 1891 284 1932 fuisse
318 1891 357 1924 in
391 1890 580 1933 archetypo
609 1890 822 1923 recensionis
847 1889 879 1922 B
907 1889 1069 1922 dubitari
1101 1898 1172 1921 non
1200 1891 1324 1930 potest,
1360 1897 1439 1920 cum
1472 1888 1566 1920 inter
1592 1888 1624 1920 Β
1643 1889 1661 1922 1

172 1941 202 1971 et
229 1938 259 1972 G
282 1938 384 1971 nuda
409 1938 599 1971 intercedat
623 1939 794 1980 cognatio,
829 1937 993 1970 reiectum
1027 1937 1142 1978 iqz'tur
1167 1946 1236 1968 esse
1271 1946 1294 1967 a
1329 1934 1481 1967 librario
1506 1935 1539 1968 Β
1558 1936 1576 1969 1
1612 1935 1666 1968 vel

172 1985 260 2018 libri
280 1987 452 2029 parentis.
494 1985 540 2018 In
563 1985 656 2017 libro
680 1984 830 2027 quidem,
856 1994 901 2018 ecc
925 1993 993 2026 quo
1020 1983 1050 2016 C
1069 1982 1265 2025 profectum
1291 1985 1350 2024 est,
1378 1984 1448 2015 sive
1475 1981 1664 2025 archetypo

114 2039 149 2065 30
181 2031 392 2065 Widulcindi
414 2034 484 2065 sive
507 2032 717 2074 eaeemplari,
743 2035 974 2064 concremata
996 2031 1042 2063 ab
1056 2031 1134 2072 ipso
1157 2029 1374 2062 Widulcindo
1394 2033 1516 2073 postea
1533 2039 1664 2062 correc-

173 2082 248 2111 tum
269 2089 350 2121 esse,
377 2079 412 2111 si
433 2080 486 2111 vis
507 2080 669 2121 conicere,
694 2079 830 2111 nemini
850 2077 1064 2121 persuadere
1086 2081 1190 2120 potes.
1230 2076 1301 2109 Nec
1327 2077 1451 2117 miror,
1476 2077 1568 2119 quod
1593 2081 1665 2110 tres

172 2127 243 2159 viri
265 2126 380 2160 eodem
404 2126 504 2160 modo
527 2127 652 2158 vitium
677 2125 944 2159 emendaverint.
993 2122 1030 2158 Ο.
1053 2123 1200 2166 Η.-Ε.].
1249 2123 1363 2156 Verba
1389 2123 1419 2165 I,
1440 2124 1493 2158 16.
1518 2122 1664 2167 vigebat

171 2173 221 2216 (B
239 2175 271 2209 1.
305 2175 338 2208 2.
373 2173 486 2217 Saxo)
517 2183 587 2216 pro
619 2171 731 2206 fiebat
764 2173 825 2214 (A.
864 2172 899 2206 C.
937 2172 1059 2214 Frut.)
1093 2174 1123 2203 et
1158 2171 1188 2212 I,
1215 2171 1272 2205 22.
1308 2169 1405 2204 diem
1439 2172 1664 2214 postremum

171 2219 363 2255 defecisset
387 2221 452 2262 (O)
471 2230 544 2264 pro
570 2219 667 2253 diem
692 2221 775 2263 post
799 2219 949 2253 tertium
973 2229 1018 2252 eoe
1042 2218 1227 2251 erroribus
1250 2218 1393 2260 teqentis
1417 2217 1665 2261 scribentisque

111 2274 148 2301 85
171 2268 363 2311 inrepsisse
381 2270 544 2311 possunt.
595 2267 746 2311 [Priore
769 2267 843 2300 loco
867 2276 1014 2299 manum
1039 2266 1252 2308 corriyentis
1286 2265 1541 2308 deprehendere
1575 2265 1667 2298 mihi

170 2315 300 2350 videor.
361 2313 399 2351 O.
432 2314 592 2357 H.-E.].
659 2313 788 2347 Utrum
820 2314 874 2357 II,
903 2313 1065 2357 praefat.
1100 2312 1345 2356 conscriptum
1378 2312 1505 2346 codicis
1539 2312 1568 2345 0
1595 2323 1666 2356 pro

171 2363 392 2406 reliquorum
417 2361 614 2407 inceptum,
641 2362 672 2404 I,
698 2363 754 2397 35.
805 2360 932 2394 Kietni
958 2361 1027 2404 (A)
1047 2370 1119 2404 pro
1143 2360 1364 2403 reliquorum
1391 2358 1494 2393 Gana
1519 2360 1564 2393 ab
1588 2362 1665 2404 ipso

179 2410 395 2444 Widulcindo
430 2412 602 2454 scriptum
639 2410 687 2442 sit
722 2419 846 2450 necne,
884 2410 957 2441 iam
983 2409 1043 2441 vix
1078 2407 1225 2450 definiri
1255 2411 1380 2450 potest.
1449 2407 1500 2441 De
1537 2408 1665 2441 ultima

173 2459 334 2491 contione
366 2458 482 2491 sancti
514 2457 596 2498 Viti,
630 2467 736 2500 quam
769 2456 890 2489 scriba
914 2455 1040 2489 codicis
1067 2455 1099 2488 B
1118 2457 1135 2490 1
1163 2458 1227 2487 aut
1258 2456 1364 2497 prior
1390 2454 1564 2488 librarius
1597 2466 1666 2489 sua

113 2511 149 2537 40
173 2504 290 2538 indole
313 2505 474 2546 mutavit,
500 2505 544 2546 cf.
570 2505 676 2546 infra
697 2515 733 2547 p.
757 2505 815 2545 41,
841 2514 875 2538 n.
900 2505 931 2538 6.
1034 2503 1070 2546 2)
1099 2502 1155 2543 Cf.
1183 2503 1300 2535 Haase
1319 2513 1357 2545 p.
1384 2503 1436 2537 18<
1481 2502 1526 2535 In
1551 2503 1666 2536 indice

172 2561 246 2585 non
270 2553 343 2595 ipse
367 2555 491 2585 auctor
517 2552 674 2595 loquitur
699 2551 748 2594 (I,
778 2553 808 2586 1.
835 2553 876 2586 2:
913 2549 1108 2594 scripserit,
1137 2551 1289 2592 narrat).
1340 2549 1510 2583 Vocabulo
1534 2560 1664 2593 genea-

173 2598 272 2644 logia
305 2599 353 2641 (I,
378 2600 443 2638 31)
476 2599 719 2631 Widukindus
751 2608 927 2641 nusquam
952 2598 1039 2630 alibi
1062 2598 1187 2632 utitur.
1236 2596 1420 2630 Nonnulla
1453 2602 1665 2639 argumenta

173 2647 349 2680 incondite
373 2647 481 2689 facta,
516 2647 605 2689 quin
630 2648 734 2678 etiam
758 2645 857 2687 falsa
881 2650 975 2687 sunt,
1000 2646 1053 2678 ita
1078 2648 1116 2677 ut
1142 2644 1358 2677 Widulcindo
1383 2654 1423 2677 ea
1456 2654 1525 2677 non
1562 2645 1667 2677 attri-

173 2693 276 2727 buere
294 2695 415 2737 possis
425 2704 440 2734 ;
462 2703 631 2736 persaepe
654 2694 729 2725 sine
754 2693 832 2726 ulla
849 2693 987 2725 ratione
999 2693 1126 2735 prima
1143 2693 1298 2735 capitum
1315 2691 1419 2724 verba
1436 2695 1666 2734 usurpantur

112 2747 150 2772 45
173 2741 233 2784 (cf.
260 2741 291 2783 Ι,
318 2742 373 2776 12.
398 2741 451 2784 ΙΙ,
471 2742 503 2776 7.
532 2742 587 2776 15.
613 2741 670 2775 21.
696 2741 782 2783 etc).
831 2739 885 2782 II,
911 2741 969 2775 28.
1003 2740 1179 2772 librarius
1202 2742 1338 2782 nepotes
1363 2738 1546 2772 Isilberhti
1567 2739 1666 2772 ducis

174 2787 433 2822 Lethariorum
457 2788 548 2822 alios
572 2797 644 2821 esse
669 2787 809 2820 videtur
829 2788 1012 2830 putavisse
1036 2790 1140 2829 atque
1157 2786 1376 2828 Ansfridum
1401 2790 1432 2818 et
1448 2786 1663 2821 Arnoldum.

177 2834 232 2876 Cf.
257 2846 295 2878 p.
319 2838 378 2879 80,
403 2846 438 2870 n.
467 2838 497 2871 1.
548 2836 706 2878 Denique
729 2844 840 2878 yenus
864 2833 1041 2867 scribendi
1063 2835 1125 2866 vix
1149 2833 1359 2876 respondere
1383 2832 1520 2866 videtur
1546 2833 1666 2866 Widu-

177 2880 373 2923 kindiano;
409 2883 520 2916 solum
555 2893 643 2926 quae
681 2882 828 2925 leqimus
861 2881 914 2920 ΙΙ,
946 2882 1008 2916 14:
1045 2879 1200 2924 qualiter
1236 2890 1309 2914 non
1347 2879 1423 2914 sine
1461 2890 1526 2913 suo
1563 2880 1666 2925 gravi

176 2927 325 2962 vulnere
360 2930 521 2971 conferri
556 2933 709 2973 possunt
744 2940 821 2962 cum
859 2929 939 2970 ΙΙΙ,
974 2929 1041 2963 67:
1081 2938 1154 2961 non
1191 2926 1267 2962 sine
1309 2927 1363 2960 sui
1403 2929 1526 2961 tamen
1563 2928 1666 2971 gravi

115 2981 154 3006 50
177 2974 336 3010 vulnere.
387 2976 524 3010 Codices
548 2987 628 3010 rero
652 2976 699 3009 W
696 2976 868 3009 idulcindi
890 2986 912 3008 a
939 2976 1207 3019 posterioribus,
1239 2975 1453 3016 Thietmaro,
1487 2975 1665 3017 Frutolfo,

1321 3044 1384 3078 ΙΙ*
