2034 3380
345 345 455 381 XXX
934 345 1239 382 PRAEFATIO.

344 465 478 518 hindi,
512 467 561 508 de
592 466 797 509 veteribus
828 467 1079 521 auctoribus,
1117 482 1219 521 quos
1258 467 1330 510 ille
1369 468 1561 511 imitatus
1601 483 1686 511 esse
1726 469 1832 512 vide-

345 525 479 577 batur,
514 525 563 567 de
594 525 695 567 locis
724 525 929 579 Vulyatae
961 526 1013 569 ab
1040 541 1085 569 eo
1109 526 1340 580 usurpatis.
1393 527 1549 570 Libros
1569 527 1830 581 recentiores,

344 582 494 636 quibus
533 597 639 637 quae
679 584 968 627 Widuhindus
1008 585 1209 628 narravit
1235 586 1408 628 uberius
1446 586 1666 640 fusiusque
1707 587 1832 630 disse-

343 646 511 696 runtur,
544 643 686 685 sedulo
717 644 907 686 consului
938 658 1091 698 suoque
1122 658 1319 698 quemque
1351 646 1437 688 loco
1469 646 1656 688 laudavi.
1719 645 1831 688 Reli-

342 714 445 754 quos
474 701 611 753 fontes
641 702 844 745 historiae
874 703 992 745 illius
1023 703 1218 756 temporis
1248 718 1351 746 raro
1382 704 1574 757 alleqavi,
1604 706 1679 747 sed
1696 704 1832 747 satius

343 759 448 802 duxi
487 760 694 803 remittere
733 762 902 804 lectores
947 763 1006 805 ad
1049 764 1228 805 annales
1267 762 1534 806 Waiteianos
1579 768 1617 806 et
1656 763 1831 806 Du'mm-

343 819 529 862 lerianos
559 825 597 862 et
627 821 686 862 ad
715 820 895 875 Reyesta
926 821 1107 874 Imperii
1139 822 1208 875 II,
1241 835 1347 875 quae
1378 822 1566 864 Emilius
1606 824 1658 865 ab
1696 823 1830 866 Otten-

343 878 434 920 thal
463 893 622 921 summo
652 879 790 921 studio
811 894 946 933 nuper
966 880 1156 932 confecit.
1209 881 1362 934 Recepi
1384 894 1518 935 porro
1538 881 1832 924 annotationes

342 939 549 990 quasdam
580 953 608 979 a
641 938 863 981 Wilhelmo
897 939 1173 981 Wattenbach
1209 939 1394 981 versioni
1431 939 1712 983 Germanicae
1741 940 1831 982 iam

343 995 477 1038 dictae
508 997 771 1050 adscriptas,·
803 1011 877 1039 nec
907 997 998 1039 sine
1028 1011 1181 1051 mayno
1201 997 1344 1050 fructu
1365 1003 1458 1040 erat
1476 998 1582 1040 mihi
1602 1000 1831 1052 exemplum

342 1057 553 1108 quoddam
576 1055 742 1108 prioris
773 1055 982 1109 editionis,
1009 1058 1120 1109 quod
1139 1057 1194 1098 Ε.
1218 1057 1442 1099 Du’mmler
1473 1058 1509 1099 b.
1531 1071 1585 1098 m.
1619 1057 1831 1100 laboriosa

341 1119 583 1156 versaverat
611 1128 743 1156 manu
773 1115 994 1169 multisque
1025 1115 1349 1158 correctionibus
1376 1115 1564 1169 notisque
1583 1116 1831 1169 marqinali-

343 1174 417 1215 bus
448 1174 744 1216 adornaverat.

581 1295 620 1332 3.
683 1291 760 1334 De
800 1292 1021 1347 oriyine
1058 1293 1239 1347 yentis
1281 1293 1595 1336 Swevorum.

484 1374 559 1417 Ad
588 1374 714 1416 huius
747 1374 888 1428 libelli,
930 1389 1049 1429 quem
1089 1375 1345 1419 Widuhindi
1384 1375 1490 1418 libro
1521 1375 1828 1429 subiunximus,

343 1437 496 1475 textum
519 1435 770 1487 parandum
800 1434 902 1476 haec
924 1438 1098 1488 praesto
1128 1435 1247 1486 fuere
1278 1434 1492 1477 subsidia:

484 1493 547 1547 A)
590 1492 727 1535 Codex
758 1492 1059 1535 Palatinus
1099 1507 1164 1535 nr.
1203 1498 1328 1535 1357.
1371 1493 1638 1536 bibliothecae
1679 1495 1830 1536 Vati-

343 1566 530 1604 canae,
563 1552 915 1606 membranaceus,
947 1552 1022 1604 fol.
1050 1551 1322 1605 152¹-153‘,
1355 1567 1462 1595 saec.
1498 1553 1644 1595 XIII.
1703 1554 1831 1607 Quem

343 1610 509 1663 librum,
544 1615 767 1664 postquam
808 1611 1001 1654 Karolus
1037 1611 1175 1664 Perta,
1218 1612 1285 1654 De
1326 1611 1644 1666 cosmoyraphia
1684 1611 1831 1655 Ethici

344 1668 548 1721 (Dissert.
589 1669 781 1715 Berolin.
833 1670 967 1724 1853)
1008 1685 1053 1724 p.
1098 1675 1150 1712 37
1174 1685 1247 1725 sq„
1293 1671 1383 1713 eius
1421 1670 1672 1713 mentionem
1716 1671 1828 1724 fecit,

343 1729 394 1770 L.
415 1728 674 1782 Bethmann,
699 1728 890 1772 ‘Archiv'
905 1730 1023 1783 XII,
1048 1745 1095 1784 p.
1115 1734 1360 1783 352—354,
1384 1734 1578 1772 accurate
1594 1729 1829 1785 descripsit.

341 1787 508 1830 Deinde
529 1788 584 1829 E.
608 1788 832 1830 Dummler
853 1789 889 1830 b.
914 1803 981 1840 m.,
1015 1803 1107 1831 cum
1139 1793 1329 1842 speraret
1359 1802 1401 1830 se
1433 1792 1697 1842 accepturum
1728 1802 1831 1841 opus

341 1846 478 1888 adhuc
509 1847 696 1900 iynotum
727 1861 857 1900 neque
889 1847 998 1902 typis
1034 1861 1284 1901 expressum,
1318 1861 1399 1901 per
1438 1861 1591 1889 manus
1632 1847 1679 1888 V.
1721 1847 1830 1889 docti

342 1905 515 1947 Reimer
562 1905 691 1947 libelli
737 1905 873 1959 ipsius
919 1906 1132 1959 exemplar
1178 1906 1492 1949 describendum
1533 1906 1708 1959 curavit,
1750 1920 1829 1960 quo

341 1963 462 2006 nisus
505 1965 564 2006 K.
599 1964 869 2018 Millenhofff,
902 1963 1171 2017 ‘Zeitschrift
1208 1965 1286 2017 fiir
1316 1965 1546 2007 Deutsches
1579 1964 1828 2007 Alterthum’

344 2022 501 2065 XVII
549 2023 726 2076 (1873),
771 2039 818 2077 p.
867 2028 1071 2077 57—62,
1123 2023 1244 2066 illum
1296 2023 1439 2066 edidit.
1522 2023 1644 2066 Illud
1692 2028 1829 2066 autem

340 2083 553 2135 exemplar
591 2082 754 2124 mendis
794 2082 966 2125 minime
1006 2083 1156 2134 caruit,
1198 2087 1254 2136 ut,
1297 2097 1391 2125 eum
1432 2083 1480 2124 V.
1527 2081 1590 2125 Ol.
1627 2082 1831 2136 Aloysius

342 2140 520 2194 Schulte,
563 2145 661 2183 tunc
700 2141 896 2195 temporis
934 2141 1119 2184 instituti
1159 2141 1349 2184 historici
1378 2141 1604 2184 Borussici
1643 2141 1691 2183 in
1729 2142 1830 2184 urbe

341 2199 480 2242 Roma
512 2214 698 2253 praeses,
741 2200 790 2243 in
821 2205 984 2243 nostros
1014 2215 1116 2243 usus
1147 2201 1325 2243 codicem
1357 2200 1607 2243 Palatinum
1647 2199 1830 2242 benivole

341 2259 610 2312 exscriberet,
652 2260 785 2302 multa
824 2259 1131 2313 emendaverit,
1167 2274 1312 2314 pauca
1352 2273 1458 2312 quae
1498 2258 1628 2301 dubia
1666 2272 1829 2301 reman-

340 2323 487 2360 serunt
515 2332 578 2360 me
601 2323 765 2372 petente
797 2323 943 2372 postea
974 2319 1187 2361 solverunt
1214 2317 1405 2360 instituto
1437 2316 1629 2359 adiuncti
1659 2317 1756 2359 Viri
1787 2319 1825 2360 d.

344 2377 583 2420 Schellhass
613 2382 652 2420 et
683 2378 843 2420 Salzer.

484 2435 545 2490 B)
602 2436 740 2479 Oodeoe
786 2436 1091 2479 Parisinus
1137 2436 1230 2478 bibl.
1273 2436 1468 2489 publicae
1513 2449 1580 2477 nr.
1619 2438 1733 2477 4895
1771 2435 1827 2488 A,

341 2497 683 2538 membranaceus
723 2496 781 2549 4⁰,
832 2500 913 2538 162
954 2495 1167 2548 foliorum,
1212 2509 1318 2548 quae
1359 2494 1407 2537 in
1452 2494 1575 2536 binas
1616 2494 1830 2537 columnas

343 2553 482 2596 divisa
513 2559 621 2607 sunt,
654 2569 760 2597 saec.
787 2555 922 2596 XIV.
985 2554 1067 2608 Qui
1098 2554 1203 2597 liber
1233 2554 1346 2596 inter
1377 2553 1466 2596 alia
1499 2553 1680 2596 continet
1716 2552 1829 2595 Goti-

341 2612 456 2663 fredi
497 2613 772 2656 Viterbiensis
813 2613 1035 2656 Pantheon
1077 2611 1295 2663 (editionis
1326 2612 1518 2667 primae)
1535 2613 1549 2637 1
1589 2616 1628 2654 et
1667 2611 1830 2654 Ottonis

342 2671 641 2725 Fi*isioi9ensis
679 2672 1043 2715 Continuationem
1077 2673 1120 2714 S.
1152 2672 1300 2714 Blasii
1313 2673 1354 2725 ²,·
1385 2671 1635 2725 opusculum,
1669 2671 1718 2712 de
1749 2683 1829 2723 quo

343 2729 520 2783 aqimus,
554 2731 705 2785 leyitur
735 2731 808 2783 fol.
843 2735 939 2772 123.
977 2735 1081 2782 124;
1116 2731 1169 2783 cf.
1210 2731 1436 2784 Gataloyus
1467 2730 1581 2772 codd.
1614 2741 1827 2771 manuscr.

344 2788 438 2830 bibl.
472 2790 614 2843 reyiae
647 2791 726 2833 IV
753 2789 966 2843 (Parisiis
1001 2792 1148 2844 1744),
1175 2805 1220 2843 p.
1251 2795 1325 2839 15;
1375 2788 1427 2831 G.
1461 2788 1521 2830 H.
1555 2787 1691 2840 Perta,
1733 2786 1828 2828 ‘Ar-

343 2846 448 2888 chir'
482 2848 588 2902 VII,
615 2863 658 2901 p.
689 2853 765 2899 51;
815 2850 866 2891 G.
902 2849 1056 2902 Waite,
1102 2848 1294 2891 ‘Archiv'
1320 2848 1407 2899 XI,
1441 2862 1488 2901 p.
1523 2850 1621 2888 332.
1684 2846 1830 2888 Huius

347 2986 381 3029 1)
411 2985 467 3027 cf.
494 2985 556 3020 SS:
582 2987 709 3029 XXII,
742 2998 779 3030 p.
807 2989 850 3022 16
867 2988 932 3031 sq!
1016 2988 1051 3030 ρ)
1075 2987 1138 3022 ss,
1166 2986 1250 3028 XX,
1284 2997 1319 3030 p.
1345 2988 1425 3021 303.

1855 722 1873 747 5

1856 1017 1891 1042 10

1856 1391 1890 1418 15

1855 1687 1891 1712 20

1854 1984 1889 2010 25

1853 2864 1890 2889 40
1934 2889 1941 2893 ,
2015 2888 2019 2890 ,
