2034 3380
761 316 1070 354 PRAEFATIO.
1586 315 1661 351 XV

169 443 431 485 videmus
462 443 511 484 in
541 455 694 484 amore
726 439 887 481 mundi
918 441 966 481 et
985 439 1130 480 totius
1152 439 1274 480 orbis
1296 439 1461 494 capite,
1494 441 1662 494 patre

168 504 292 547 tuo
335 502 464 544 6111118
496 499 732 556 potentiae
772 498 1060 540 maiestatem
1099 511 1194 539 non
1235 497 1382 539 solum
1416 497 1662 540 Germania

350 595 358 602 .
406 561 486 606 sed
531 560 634 600 tota
677 558 776 600 fere
825 557 1008 612 Europa
1052 570 1147 598 11011
1198 556 1480 606 8118111161;
1533 555 1663 598 ibid..-

170 595 483 662 habeamus
513 620 561 659 te
593 618 868 659 advocatum
899 616 1024 671 apud
1053 618 1289 658 terrenum
1310 628 1478 669 regem,
1502 618 1603 657 tuu
1617 631 1662 657 m

126 694 144 720 5
169 678 346 721 scilicet
377 679 600 732 patrem
638 678 813 731 atque
844 676 1114 724 fratrem;
1157 674 1228 727 ΙΙ,
1263 673 1479 742 praefatx
1510 688 1662 728 quam-

169 751 305 792 quam
350 737 400 778 in
446 736 654 778 Africam
702 735 951 789 Asiamque
998 734 1142 789 patris
1192 734 1264 775 tui
1314 734 1407 775 iam
1459 735 1663 788 potestas

169 796 583 852 protendatur;
618 794 689 847 II,
717 797 794 836 36:
831 791 857 845 (
858 793 972 846 Otto)
1003 793 1211 835 Romana
1244 793 1403 847 lingua
1435 792 1663 835 Sclavani-

169 869 311 910 caque
363 855 491 909 loqui
542 854 679 903 scit;
734 855 812 896 sed
866 867 1020 895 rarum
1073 854 1186 903 est,
1240 866 1330 907 quo
1382 865 1541 894 earum
1591 852 1663 893 uti

169 915 444 969 dignetur
487 948 494 955 .
538 948 544 954 .
587 948 594 954 .
636 888 900 955 tabularum
941 912 1075 954 ludos
1116 915 1268 954 amat
1308 914 1408 963 etc.;
1448 910 1549 963 III,
1586 914 1661 952 12:

110 989 144 1014 10
168 973 282 1015 Nati
311 975 421 1015 sunt
453 976 607 1015 autem
639 973 738 1027 regi
770 972 853 1013 filii
896 1006 903 1013 .
941 1006 947 1013 .
985 1006 992 1013 .
1034 972 1200 1014 tertius
1242 971 1424 1026 paterni
1464 970 1662 1012 nominis

169 1034 409 1075 maiestate
443 1033 722 1086 designatus,
756 1045 910 1086 quem
946 1032 1049 1072 iam
1088 1033 1210 1086 post
1249 1033 1459 1085 patrem
1499 1030 1663 1071 domi-

169 1106 293 1133 num
325 1106 383 1134 ac
415 1092 799 1147 imperatorem
831 1091 1118 1132 universus
1156 1092 1339 1144 sperat
1380 1089 1541 1131 orbis.
1603 1088 1665 1130 Et

169 1152 295 1193 codex
324 1149 585 1192 Dresdeusis
617 1147 703 1202 (A)
735 1163 822 1191 uon
850 1149 1062 1202 iuteyrum
1093 1148 1262 1190 tertium
1299 1147 1452 1190 librum
1489 1147 1661 1200 exhibet,

167 1210 242 1251 sed
271 1223 303 1251 c.
339 1208 510 1250 6611123
540 1208 679 1250 veibis
709 1207 887 1260 finitur:
918 1208 966 1250 Is
999 1209 1102 1250 finis
1125 1208 1432 1249 Wichmanno
1464 1207 1662 1262 talisque

100 1283 143 1311 ,15
168 1269 380 1311 omnibus
410 1269 521 1318 fere,
556 1268 634 1322 qui
667 1270 828 1310 contra
857 1268 1181 1322 imperatorem
1204 1281 1332 1308 arma
1354 1268 1660 1321 sumpserunt,

168 1330 344 1383 patrem
376 1330 524 1369 tuum.

310 1386 540 1440 Hucusque
562 1386 765 1440 pamma,
798 1385 887 1428 nisi
917 1385 1125 1438 fallimur,
1157 1384 1448 1428 Widukindus
1477 1384 1661 1438 scripsit.

170 1445 281 1489 Sunt
310 1445 477 1499 quidem
507 1459 614 1499 quae
644 1445 784 1498 speum
813 1444 904 1487 iam
935 1449 1062 1487 antea
1100 1444 1207 1487 libro
1247 1445 1376 1496 finem
1415 1443 1664 1497 imposuisse

168 1505 347 1548 innuere
384 1504 569 1560 possint.
640 1504 924 1547 Wicbmauno
965 1505 1133 1546 subacto
1176 1505 1391 1557 rebusque,
1437 1508 1485 1545 ut
1528 1502 1664 1557 epsius

110 1579 146 1604 20
168 1563 306 1607 verbis
344 1569 528 1617 utamur,
569 1563 650 1606 rite
687 1562 935 1617 compositis,
983 1563 1170 1606 Ottonem
1210 1562 1363 1605 iterum
1403 1562 1452 1604 iu
1484 1562 1663 1605 Italiam

161 1623 401 1678 profectum
446 1637 532 1665 esse
578 1623 732 1676 tradit,
779 1637 848 1665 ‘res
892 1637 989 1665 vero
1034 1622 1189 1665 ibidem
1232 1626 1372 1675 ²aestas
1411 1636 1536 1675 quam
1578 1623 1663 1664 bre-

170 1681 339 1725 vissime
369 1682 541 1736 attinyit
566 1679 688 1735 (III,
712 1682 804 1735 63).
857 1682 980 1724 Haec
1010 1685 1207 1733 nostrae,
1239 1681 1392 1734 iuquit,
1418 1682 1663 1724 tenuitatis

171 1756 264 1784 non
310 1744 380 1784 est
426 1742 625 1791 edicere,
673 1743 774 1788 sed,
823 1745 876 1783 ut
922 1742 1057 1783 initio
1104 1742 1322 1783 historiae
1369 1741 1566 1796 predixi,
1614 1741 1663 1782 in

171 1803 355 1843 tantum
387 1801 514 1843 fideli
555 1801 798 1843 devotione
840 1801 1096 1843 elaborasse
1138 1801 1353 1842 sufficiat.
1419 1800 1663 1843 Caeterum

111 1874 147 1899 25
171 1874 280 1915 erga
309 1863 439 1902 tuam
471 1860 731 1903 claritatem
763 1861 1147 1915 serenitatemque
1175 1891 1184 1900 .
1210 1891 1219 1900 .
1244 1891 1253 1900 .
1281 1873 1450 1914 magna
1482 1860 1664 1901 devotio

171 1933 286 1974 opus
318 1919 493 1962 humile
526 1920 803 1974 magnificet.
876 1920 945 1961 At
985 1920 1118 1961 finis
1161 1919 1344 1961 civilis
1386 1919 1522 1961 belli
1561 1922 1664 1961 ter-

172 1980 349 2020 minus
389 1979 462 2020 sit
502 1979 699 2021 libelli.
769 1979 885 2031 Quae
915 1979 1042 2020 verba
1072 1991 1199 2031 quam
1229 1977 1413 2020 maxime
1450 1977 1533 2030 fini
1573 1992 1664 2020 eon-—

171 2036 315 2078 venire
344 2050 463 2079 nemo
493 2050 580 2078 nou
610 2037 760 2079 videtl.
1594 2082 1597 2086 Α

318 2095 420 2138 Nou
450 2095 582 2149 iyitur
612 2095 810 2138 contiuuo
840 2095 941 2138 libri
977 2100 1060 2138 tres
1099 2095 1236 2149 operis
1276 2095 1412 2138 nostri
1452 2095 1666 2149 compositi

114 2168 150 2194 ³0
172 2158 282 2196 sunt.
346 2153 547 2208 Sinyulos
577 2154 719 2208 libros,
751 2158 798 2197 ut
828 2154 1020 2208 primum
1050 2154 1234 2208 perfecti
1273 2159 1383 2207 suut,
1425 2154 1666 2197 Mahthildi

172 2227 259 2256 esse
290 2212 469 2256 traditos
499 2212 694 2267 sinyulae
724 2213 1023 2268 praefationes
1062 2214 1352 2256 demonstran-t
1364 2215 1392 2254 ‘-'.
1465 2214 1531 2256 Ac
1570 2228 1664 2267 quo-

172 2271 292 2314 niam
312 2272 362 2314 in
379 2272 519 2326 primi
540 2272 641 2315 libri
659 2272 937 2327 praefatione
958 2274 1008 2315 cle
1030 2272 1293 2315 Malatbildis
1318 2274 1558 2316 maiestate
1585 2275 1664 2315 im-

173 2332 336 2387 periali
367 2331 546 2385 dicatur,
570 2332 681 2374 banc
701 2345 788 2374 non
809 2336 907 2374 aute
929 2347 968 2375 a.
994 2336 1092 2374 962.
1115 2332 1314 2386 scriptam
1338 2346 1424 2374 6336
1446 2336 1623 2386 apparet
1635 2333 1663 2373 3.

175 2447 210 2492 1)
247 2447 303 2489 Cf.
338 2448 382 2483 B.
416 2448 458 2481 de
491 2448 642 2491 Sim-soii,
677 2448 736 2486 (Ν,
761 2448 912 2482 Archiv’
938 2448 1023 2491 XV,
1055 2460 1093 2492 p.
1119 2450 1199 2484 569.
1334 2448 1369 2493 2)
1404 2447 1542 2494 Ingens
1576 2459 1666 2493 opus

115 2503 150 2529 35
174 2497 368 2539 coepturus
405 2495 463 2529 vel
505 2497 604 2530 certe
640 2495 834 2529 iteraturus
871 2516 918 2520 —
955 2506 1041 2529 nam
1077 2506 1210 2540 magna
1249 2507 1293 2530 ex
1330 2498 1434 2540 parte
1473 2498 1666 2540 peractum

175 2543 228 2576 est
262 2563 309 2567 —
342 2543 406 2576 tua
430 2542 550 2587 gratia
584 2541 757 2576 fulciatur
792 2571 799 2578 .
828 2571 834 2578 .
863 2571 870 2578 .
899 2571 906 2578 .
941 2547 1225 2587 permaneatque
1260 2554 1302 2577 ea
1336 2542 1529 2578 devotione
1563 2542 1665 2577 dedi-

174 2591 306 2632 catum,
341 2600 412 2633 qua
447 2592 502 2623 est.
534 2589 722 2634 inceptum
753 2590 822 2633 (H,
852 2591 1060 2634 praefat.);
1093 2590 1202 2625 Unde
1239 2590 1373 2625 laboris
1412 2590 1527 2625 nostri
1562 2601 1664 2635 opus,

174 2636 273 2680 quod
298 2648 318 2670 a
343 2636 492 2671 diversis
517 2636 678 2671 moribus
704 2636 844 2671 diverse
877 2637 1053 2681 accipitur
1078 2638 1172 2681 (III,
1199 2639 1390 2682 praefat).
1448 2639 1503 2679 Cf.
1538 2638 1666 2681 Kbpke

170 2695 208 2727 p.
233 2686 280 2720 30
297 2695 347 2728 sq.
382 2686 447 2727 53;
483 2685 602 2718 Raase
631 2696 669 2728 p.
697 2686 763 2728 19;
798 2685 920 2727 Εόω-έ,
954 2685 1089 2720 ‘aesca
1123 2686 1187 2719 cler
1220 2686 1293 2721 Lit.
1328 2687 1388 2719 des
1420 2685 1664 2719 Mittelalters’

114 2739 151 2764 40
174 2731 250 2775 III,
280 2743 320 2775 p.
345 2733 426 2768 428.
524 2733 561 2775 3)
589 2732 722 2765 Hauck
745 2732 820 2775 III,
854 2744 890 2775 p.
917 2734 998 2774 311,
1029 2744 1063 2767 ιι.
1091 2734 1122 2768 6.
1173 2734 1279 2767 Anno
1304 2735 1386 2768 966.
1437 2733 1663 2774 Mahtlzildis,

175 2780 337 2822 quamvis
360 2779 600 2813 diwdeeimum
625 2783 764 2813 tantum
789 2784 907 2822 aqeret
941 2790 1088 2822 annum,
1123 2780 1303 2814 abbatissa
1330 2780 1539 2822 Quedlinbui
1541 2781 1667 2823 yemis

175 2826 280 2860 elma
312 2829 364 2859 est
397 2831 427 2860 et
459 2828 649 2860 constituta
680 2827 794 2868 (Ama.
827 2826 946 2867 Queat.
981 2838 1015 2862 a.
1041 2829 1111 2862 966
1148 2845 1189 2855 =
1225 2829 1322 2863 Arm.
1357 2827 1484 2870 Saxo).
1544 2828 1666 2861 Widu-

177 2871 337 2916 hindam,
371 2875 435 2917 qui
458 2875 532 2918 ipsi
562 2875 696 2908 nimias
730 2875 853 2908 laudes
886 2874 1013 2907 imbuit
1046 2875 1109 2916 (cf.
1145 2877 1250 2908 etiam
1283 2875 1359 2918 III,
1389 2877 1463 2917 12),
1497 2877 1664 2918 quoniam

179 2917 286 2953 huius
309 2922 364 2954 rei
387 2922 525 2955 nullam
551 2923 639 2964 facit
663 2923 880 2963 menta‘maem,
914 2922 989 2955 iam
1013 2925 1117 2955 antea
1142 2922 1273 2956 librum
1297 2933 1402 2956 secum
1426 2924 1460 2956 ei
1490 2923 1665 2956 dedicasse

118 2972 154 2997 45
173 2968 316 3008 putavit
341 2968 506 3012 Bouquet,
533 2969 686 3003 ‘Recueil
709 2969 768 3003 des
793 2946 983 3003 histbiiens
1007 2970 1066 3003 des
1093 2970 1240 3004 Ganles’
1267 2970 1373 3012 VIII,
1402 2982 1437 3014 p.
1464 2971 1545 3012 217,
1571 2981 1605 3005 n.
1633 2980 1663 3003 a.
