2034 3380
275 455 355 488 936.

219 1345 296 1376 Sept.
309 1344 355 1371 25.

274 1451 355 1486 937.

285 1498 356 1530 (m)

371 328 416 362 60
966 323 1258 359 WIDUKINDI

371 447 532 500 potens
574 446 620 486 et
659 445 812 495 fortis,
860 445 1196 500 magnanimus,
1245 445 1357 487 belli
1397 459 1565 500 gnarus
1606 449 1652 488 et
1695 448 1854 489 tantae

371 503 602 554 scientiae,
649 505 703 544 ut
746 518 773 545 a
819 504 1035 546 subiectis
1083 518 1220 559 supra
1268 505 1496 547 hominem
1543 505 1677 560 plura
1722 518 1854 547 nosse

370 563 696 616 predicaretur.
765 563 1075 605 Herimannus
1116 565 1271 605 autem
1316 577 1417 604 eum
1460 566 1579 606 esset
1618 564 1664 604 in
1707 564 1855 618 prima

371 622 480 671 acie,
522 621 570 662 in
611 622 806 663 introitu
846 622 1045 676 regionis
1084 622 1132 662 in
1174 623 1403 663 hostiuma
1449 636 1647 677 pugnam
1690 622 1856 664 incidit

371 693 535 734 eosque
567 681 752 722 fortiter
782 681 907 731 vicit,
941 683 987 723 et
1019 681 1076 722 ob
1110 682 1195 722 hoc
1229 677 1415 723 maiorib
1442 682 1616 723 invidia
1646 681 1855 722 inimicos
1879 696 1897 721 ⁵

371 739 593 781 accendit.
657 739 787 781 Inter
818 753 929 793 quos
961 739 1228 781 Ekkarduse
1261 740 1383 782 filius
1415 736 1663 790 Liudulfid,
1698 740 1776 794 qui
1806 740 1856 780 in

368 799 551 839 tantum
584 812 718 852 aegre
759 811 918 852 passus
960 801 1029 840 est
1069 799 1304 840 fortunam
1335 799 1622 850 Herimanni,
1664 802 1718 840 ut
1758 812 1854 840 sese

369 857 659 911 promitteret
696 857 866 898 maiora
905 857 1139 898 facturum
1180 859 1261 898 aut
1300 858 1451 900 vivere
1492 858 1615 900 nolle
1630 857 1658 898 1.
1719 857 1854 899 Unde

371 916 575 957 collectis
607 929 661 957 ex
698 916 823 957 omni
863 916 1066 957 exercitu
1106 916 1367 957 fortissimis
1408 917 1516 958 viris
1555 916 1855 959 interdictum

369 975 489 1029 regis
520 975 647 1028 rupit
679 976 726 1015 et
757 974 985 1028 paludem,
1029 987 1144 1028 quae
1176 977 1274 1016 erat
1305 974 1426 1016 inter
1455 975 1615 1017 urbem
1652 975 1855 1016 hostium
1882 990 1916 1015 ιο

370 1035 416 1074 et
464 1034 612 1073 eastra
656 1033 789 1086 regis,
839 1046 942 1074 eum
983 1033 1114 1075 sociis
1161 1033 1358 1081 transiit,
1407 1035 1654 1088 statimque
1700 1034 1855 1075 hostes

370 1091 576 1141 offendit,
612 1094 658 1133 et
690 1091 746 1133 ab
779 1091 851 1132 his
886 1092 1189 1133 circumfusus
1222 1106 1325 1133 oum
1347 1092 1557 1134 omnibus
1589 1092 1682 1134 suis
1703 1091 1853 1147 periit.

370 1150 515 1191 Erant
546 1152 701 1192 autem
733 1151 811 1204 qui
843 1164 947 1192 oum
979 1164 1031 1193 eo
1064 1151 1350 1193 ceciderante
1379 1151 1625 1193 electorum
1656 1165 1710 1193 ex
1731 1151 1856 1193 omni

370 1209 572 1251 exercitu
623 1210 822 1251 virorum
874 1210 1030 1252 decem
1079 1212 1124 1251 et
1171 1212 1287 1252 octo.
1369 1210 1466 1252 Rex
1518 1212 1673 1252 autem
1725 1223 1856 1252 caesa

370 1269 570 1309 hostium
593 1268 891 1310 multitudine
914 1270 960 1310 et
983 1269 1174 1310 caeteris
1194 1269 1451 1329 tributariis
1478 1269 1616 1311 factis
1647 1281 1855 1311 reversus
1881 1283 1915 1308 15

369 1329 439 1368 est
478 1327 526 1367 in
568 1327 823 1368 Saxoniam.
894 1328 1013 1369 Acta
1055 1330 1162 1369 sunt
1202 1330 1357 1369 autem
1404 1328 1547 1370 haee²
1582 1323 1721 1369 VILf
1766 1327 1855 1368 Ka-

368 1385 490 1428 lend.
524 1384 749 1428 Octobris.
1819 1423 1828 1432 ,.

511 1444 564 1486 V.
617 1445 727 1486 Post
774 1445 887 1487 haee
935 1445 1113 1500 antiqui
1160 1447 1315 1487 hostes
1363 1445 1585 1500 Ungarii3
1629 1445 1855 1487 venerunt

369 1504 586 1555 virtutem
618 1504 810 1558 probare
842 1504 949 1546 novi
979 1505 1112 1559 regis.
1168 1504 1405 1546 Intrantes
1438 1506 1592 1546 autem
1614 1503 1855 1545 Franciam

369 1565 645 1613 statuerunt,
695 1563 734 1603 si
773 1565 1005 1617 possentg,
1047 1563 1104 1604 ab
1146 1563 1422 1604 occidentali
1462 1563 1600 1617 plaga
1638 1562 1854 1604 invadere
1878 1578 1916 1605 20

370 1621 621 1663 Saxoniam.
706 1621 804 1663 Rex
850 1624 1005 1663 autem
1054 1622 1257 1672 audiens,
1309 1621 1456 1663 nichil
1502 1623 1704 1663 moratus
1750 1634 1854 1663 eum

370 1681 573 1722 exercitu
603 1680 757 1722 valido
797 1681 997 1722 occurrit
1036 1680 1129 1722 illis
1166 1681 1437 1735 fugavitque
1478 1683 1524 1722 et
1556 1694 1583 1722 a
1613 1675 1849 1722 terminish

370 1739 462 1781 suis
494 1739 663 1793 abegit.

511 1798 592 1839 VI.
647 1797 942 1839 Cessantibus
979 1800 1134 1840 autem
1166 1798 1300 1840 bellis
1332 1798 1530 1839 externis
1563 1797 1715 1839 civilia
1746 1797 1854 1838 oriri

371 1858 632 1912 coeperunt.
701 1857 818 1898 Nam
861 1857 1061 1899 Saxones
1100 1857 1290 1912 imperio
1330 1856 1449 1910 regis
1488 1851 1627 1898 faetii
1668 1855 1855 1910 gloriosi
1880 1870 1914 1896 25

371 1916 741 1970 dedignabantur
792 1916 893 1957 aliis
950 1917 1116 1958 servire
1173 1915 1437 1956 nationibus
1499 1917 1855 1969 quaesturasque

371 1989 481 2029 quas
533 1975 796 2016 habuerunt
846 1971 1016 2016 ulliusk
1071 1974 1151 2016 alii
1204 1974 1294 2015 nisi
1345 1974 1484 2015 solius
1534 1974 1655 2028 regis
1706 1973 1857 2027 gratia

370 2033 540 2076 habere
598 2035 970 2088 contempserunt
982 2033 1012 2073 4.
1094 2033 1227 2075 Unde
1284 2033 1429 2074 iratus
1486 2027 1872 2074 Evurhardus¹·⁵'

371 2095 532 2134 eontra
572 2093 894 2147 Bruningumm
927 2092 1121 2134 collecta
1161 2106 1301 2133 manu
1347 2091 1619 2133 succendion
1662 2090 1857 2132 tradidit

372 2152 606 2193 civitatem
637 2151 763 2193 illius
793 2151 1044 2193 voeabulo⁰
1072 2150 1329 2201 Elmerip·⁶‚
1362 2150 1621 2193 interfectis
1646 2149 1857 2191 omnibus
1883 2164 1919 2190 ao

371 2256 400 2286 a)
419 2254 451 2279 in
470 2255 576 2279 ostium
595 2254 626 2279 in
644 2261 772 2286 pugnam
792 2236 826 2281 C,
882 2253 912 2286 b)
931 2255 1072 2279 maiorem
1091 2252 1236 2279 inuidiam
1255 2253 1347 2287 (inim.
1367 2252 1434 2286 om.)
1452 2251 1588 2278 accendit
1606 2252 1667 2279 Bl.
1721 2250 1748 2284 e)
1766 2252 1807 2276 «sic
1819 2252 1858 2282 0,-

372 2289 518 2314 eekardus
537 2291 580 2320 A;
605 2288 795 2314 ekkehardus
815 2289 876 2317 Bl.
896 2290 925 2322 2;
949 2287 1132 2314 ekkihardus
1150 2289 1240 2316 Saxo.
1321 2287 1352 2319 d)
1370 2289 1412 2313 sio
1430 2288 1458 2315 h,
1477 2288 1495 2313 l.
1515 2290 1540 2312 et
1558 2288 1619 2314 132.
1638 2286 1796 2318 (In-‚ludolfi
1813 2287 1859 2317 A,-

372 2323 485 2350 IIudolfi
513 2325 605 2351 Saoeo.
695 2324 723 2356 e)
750 2323 924 2350 occiderant
950 2325 1017 2351 B2.
1114 2323 1136 2356 f)
1160 2324 1244 2350 VIII.
1271 2323 1341 2356 131;
1376 2323 1471 2350 XVII.
1498 2323 1586 2350 Saxo.
1613 2336 1648 2341 —
1677 2321 1859 2353 kA,·K10,·

372 2360 477 2387 Kalen.
496 2359 522 2384 B
535 2360 566 2392 23
596 2358 740 2384 Kalendis
760 2360 849 2384 Saxo.
940 2361 970 2391 g)
988 2362 1091 2391 posset
1110 2360 1140 2390 C,
1167 2367 1187 2384 n
1201 2359 1304 2390 prima
1322 2365 1410 2383 manu
1428 2365 1568 2390 supet-scr.
1658 2357 1689 2389 h)
1706 2358 1782 2382 inter
1800 2359 1859 2382 ter-

372 2395 458 2420 minis
476 2409 511 2413 —
530 2395 588 2419 suis
608 2395 714 2419 lacuna
732 2396 829 2419 maior
848 2397 873 2419 et
892 2395 968 2420 locus
986 2402 1072 2420 rasus
1091 2395 1126 2422 A.
1192 2395 1213 2426 i)
1232 2395 1306 2425 glor.
1326 2393 1397 2419 facti
1417 2394 1447 2421 C.
1511 2393 1542 2424 k)
1561 2393 1670 2419 nullius
1689 2393 1766 2418 alius
1784 2393 1811 2418 Β
1824 2393 1857 2424 1;
1883 2395 1917 2422 35

373 2431 461 2455 ullius
492 2430 568 2455 alius
596 2430 664 2461 B2;
698 2430 821 2455 alterius
852 2430 940 2457 Saaeo.
1064 2430 1085 2460 1)
1113 2430 1153 2454 sic
1184 2429 1212 2456 h.
1237 2430 1258 2454 l.
1291 2431 1363 2454 recte
1390 2429 1428 2460 C,-
1462 2429 1644 2454 euerhardus
1673 2428 1708 2456 A.
1734 2428 1801 2456 131.
1824 2428 1857 2460 23

373 2465 553 2491 eberhardus
578 2466 662 2490 Frut.
687 2465 775 2493 Samo.
859 2465 899 2497 m)
923 2465 1100 2497 brunignum
1118 2465 1163 2496 A;
1186 2465 1366 2497 bruniggum
1390 2471 1464 2488 unus
1488 2464 1549 2491 cod.
1570 2464 1696 2495 Fnctolfi
1719 2463 1786 2494 (SS.
1807 2462 1858 2495 VI,

367 2509 402 2533 p.
420 2501 481 2532 184,
500 2508 528 2528 n.
547 2503 575 2531 s)
599 2503 624 2525 et
642 2501 732 2528 Saaeo.
821 2499 852 2533 n)
876 2501 1014 2526 incendio
1033 2501 1094 2527 Bl.
1113 2501 1203 2527 Saxo.
1293 2502 1321 2531 ο)
1346 2499 1450 2525 elmeri
1467 2506 1532 2527 uoe.
1551 2499 1614 2527 Bl.
1704 2500 1734 2531 p)
1759 2498 1800 2524 εἰσ
1823 2498 1859 2526 Α,

373 2537 436 2564 Β1.
456 2536 486 2564 G.
504 2536 588 2563 Frut.
608 2536 704 2567 Sarno,-
723 2535 826 2561 Elueri
844 2536 912 2569 ,323
932 2536 1063 2561 Helmeri
1080 2535 1173 2560 Falke
1190 2543 1225 2567 p,
1243 2535 1304 2564 159.

376 2618 410 2664 1)
447 2618 503 2660 Cf.
538 2629 652 2661 supra
679 2630 718 2663 p.
747 2620 802 2661 13,
829 2619 853 2654 l.
879 2619 944 2653 24:
979 2617 1050 2652 nisi
1074 2617 1220 2652 vincere
1248 2617 1343 2652 velle
1376 2618 1439 2651 aut
1470 2618 1568 2651 certe
1596 2615 1718 2650 vivere
1751 2614 1860 2649 nolle.
1884 2625 1921 2650 40

375 2668 413 2706 2)
443 2666 525 2702 Scit.
550 2676 678 2709 puyna
702 2670 733 2699 et
756 2675 853 2699 mors
877 2665 1058 2700 Elclcardi.
1183 2667 1219 2708 3)
1243 2665 1299 2707 Cf.
1325 2675 1439 2708 supra
1463 2675 1502 2707 p.
1525 2665 1584 2706 47,
1610 2664 1633 2699 l.
1653 2664 1684 2698 7.
1710 2666 1741 2696 et
1765 2673 1801 2698 a.
1825 2663 1858 2698 5.

374 2714 412 2756 4)
448 2713 503 2755 Cf.
538 2724 654 2756 supra
681 2724 721 2757 p.
748 2715 804 2756 50,
833 2713 857 2747 l.
886 2714 930 2749 14
946 2723 1017 2756 sqq.
1069 2712 1306 2753 Quaesturam
1330 2721 1402 2745 esse
1424 2711 1500 2753 fere
1524 2710 1615 2745 idem
1638 2709 1731 2753 quod
1762 2709 1860 2743 bene-

375 2760 495 2802 ficium
529 2762 661 2794 censuit
693 2760 819 2804 Kb‘pke
845 2771 885 2803 p.
912 2761 957 2796 92
973 2771 1024 2803 sq.
1158 2760 1193 2805 5)
1231 2760 1321 2793 Dux
1353 2758 1593 2800 Francorum,
1627 2758 1692 2800 qui
1722 2759 1754 2790 et
1786 2758 1862 2799 ipse

375 2817 485 2840 comes
518 2809 609 2851 payi
639 2807 956 2842 Bessi-samonio&
1020 2807 1062 2842 G.
1096 2807 1271 2849 Landau,
1312 2805 1581 2847 ‘Beschreibuny
1614 2804 1674 2837 des
1709 2803 1862 2837 Hessen-

373 2853 498 2896 9aues'
531 2855 663 2897 (1857)
690 2865 730 2898 p.
756 2856 801 2890 29
818 2865 895 2898 sq.;
929 2854 1055 2898 Ko'pke
1089 2854 1112 2889 l.
1140 2854 1188 2894 l.‚·
1220 2853 1416 2894 Dummler,
1446 2850 1536 2885 ‘Otto
1563 2852 1597 2886 d.
1629 2850 1705 2886 Gr!
1730 2861 1770 2894 p.
1795 2851 1860 2894 633
1887 2858 1922 2894 45

376 2901 425 2935 K.
454 2901 585 2934 Wenclc
617 2903 657 2934 in
693 2901 875 2937 ‘Zeitschr.
909 2904 937 2944 f.
970 2901 1072 2936 Hess.
1110 2899 1243 2934 Geseh!
1277 2899 1418 2932 XXVI
1445 2899 1589 2941 (1903),
1621 2909 1660 2942 p.
1695 2899 1766 2934 255
1789 2907 1862 2942 sqq.

378 2949 413 2990 6)
448 2947 618 2981 Helmern
651 2949 689 2981 in
722 2949 853 2982 circulo
886 2948 1020 2983 Baren.
1081 2947 1136 2989 Cf.
1169 2947 1358 2990 Diekamp,
1395 2946 1571 2989 ‘Westfdl.
1604 2945 1702 2989 UB.⁷‚
1737 2944 1862 2989 suppl.

376 3005 435 3030 nr.
460 2996 549 3038 3803
575 2995 658 3037 Regy.
685 2995 775 3039 Imp.
800 2995 854 3038 II,
878 3006 936 3030 nr.
963 2996 1008 3031 69
1019 3005 1052 3030 a.
