2034 3380
100 999 136 1024 10

99 1292 134 1319 15

755 329 1058 366 PRAEFATIO.
1558 325 1656 364 XXI

162 467 185 495 e
230 451 485 494 mona-sterio
528 451 690 495 Veteris
735 450 873 494 Cellae
913 449 1132 503 (Alteelle)
1180 449 1356 492 diocesis
1399 449 1652 502 Misnensis,

162 516 210 554 ut
238 511 288 554 in
317 511 512 564 marqine
541 509 748 562 inferiore
778 509 852 562 fol.
876 509 933 551 I!
959 513 997 551 et
1024 509 1094 551 II.
1128 508 1282 551 litteris
1311 509 1552 551 uncialibus
1583 509 1654 551 ad-

163 570 386 624 scriptum:
405 571 544 612 Liber
559 569 686 612 Celle
709 569 877 611 Sancte
898 569 1044 611 Marie
1055 569 1084 609 1.
1125 567 1452 622 Eleqantissime
1473 567 1654 621 scriptus

163 634 246 672 est:
276 629 415 671 lineae
444 629 591 671 ductae
621 632 868 680 atramento,
901 627 1065 670 litterae
1084 627 1346 670 minusculae
1368 626 1653 680 3222alehero·ime

162 691 375 740 exaratae,
406 686 597 730 initiales
618 686 944 742 praefationum
975 700 1026 729 ac
1053 686 1258 729 librorum
1278 685 1485 728 coloribus
1497 685 1652 738 pictae.

160 745 368 800 Alioquin
399 746 577 800 optimus
606 745 795 789 indicari
833 745 1001 799 nequit:
1030 745 1211 799 scriptor
1240 759 1326 787 non
1357 744 1509 798 ubique
1547 743 1654 786 satis

161 809 386 848 accuratus
415 805 512 858 fuit,
545 805 776 848 sententias
805 819 927 859 saepe
959 805 1068 847 male
1106 805 1171 847 vel
1210 805 1314 847 adeo
1354 803 1526 846 omnino
1566 816 1654 845 non

160 864 435 919 interpunoeit,
483 864 659 907 nomina
695 864 879 919 propria
918 863 987 906 sni
1027 863 1225 917 temporis
1263 877 1376 905 more
1414 861 1656 905 immutavit

160 937 236 966 nec
265 925 493 966 verecunde
524 923 746 977 antiquam
776 923 990 967 scribendi
1020 923 1230 966 rationem
1261 922 1470 975 ser-vacit,·
1508 935 1653 964 versus

159 983 289 1036 finem
321 982 422 1025 libri
452 982 664 1025 interdum
694 984 807 1025 flaui
828 996 914 1037 pro
946 983 1065 1025 slaui
1095 987 1171 1025 ant
1201 983 1347 1025 selani
1377 981 1548 1034 aliaque
1589 980 1652 1023 in-

159 1041 285 1085 solita
315 1046 355 1084 et
382 1046 648 1085 monstruosa
679 1043 866 1096 praebet.
939 1041 1093 1084 Prima
1132 1056 1286 1084 manus
1316 1041 1564 1095 plerumque
1603 1039 1653 1082 in

159 1100 427 1155 maryinibus
449 1101 774 1155 praeformavit,
807 1115 914 1155 qnae
934 1101 1069 1143 minio
1089 1100 1476 1152 inscriberentur&
1502 1099 1650 1152 altera,

158 1160 209 1202 ni
258 1160 400 1213 fallor,
453 1161 528 1202 sed
571 1174 724 1203 coaeva
765 1174 981 1214 perpauca
1027 1159 1325 1214 superscripsit
1335 1174 1351 1213 ;
1401 1158 1653 1202 recentiores

157 1220 366 1272 quaedam
396 1218 445 1261 in
474 1219 742 1272 marqinibits
773 1223 1095 1271 annotaverunt,
1121 1218 1375 1272 praesertim
1401 1221 1653 1271 arqnmenta

157 1287 300 1320 rerum
345 1277 394 1320 in
433 1282 545 1320 texta
584 1282 900 1331 enarratarum,
939 1278 1115 1332 penitus
1160 1279 1398 1332 spernenda
1438 1281 1477 1319 et
1515 1292 1544 1319 a
1590 1290 1652 1318 me

157 1337 353 1391 neqlecta.
431 1337 527 1380 Hoc
572 1337 710 1380 codice
749 1337 982 1380 Fabricius
1027 1337 1077 1380 in
1115 1337 1241 1380 libris
1285 1337 1376 1380 suis
1420 1350 1523 1378 usias
1569 1340 1654 1389 est,·

156 1395 408 1439 Reineccius
452 1397 590 1439 eodem
630 1411 731 1439 usus
776 1396 999 1439 editionem
1044 1411 1166 1439 snam
1212 1395 1441 1439 adornavit
1451 1410 1467 1447 ‚·
1505 1399 1652 1449 postea

156 1455 306 1498 varias
336 1455 529 1498 lectiones
559 1470 586 1498 a
624 1455 817 1499 Teneelio
847 1455 1036 1499 electoris
1068 1455 1285 1499 Saxoniae
1326 1454 1575 1498 consiliario
1615 1458 1653 1497 et

156 1514 494 1569 histor-ioqrapho
525 1529 662 1558 secum
693 1515 1023 1558 communicatas
1044 1515 1226 1558 Leibnie
1240 1516 1256 1540 3
1286 1514 1418 1557 edidit
1426 1529 1442 1567 ;
1473 1514 1521 1557 in
1552 1513 1652 1557 soci-

157 1573 280 1616 etatis
315 1578 485 1616 nostrae
523 1588 645 1616 usum
677 1574 849 1629 primns
880 1575 1019 1617 Ebert
1058 1576 1095 1617 b.
1127 1589 1180 1617 m.
1225 1589 1264 1617 a.
1304 1578 1430 1616 1821.
1473 1573 1652 1617 codicem

157 1647 250 1676 cum
281 1633 504 1675 Meibomii
534 1633 714 1676 editione
745 1634 930 1686 contulit,
972 1638 1060 1676 tum
1095 1634 1144 1676 V.
1183 1633 1247 1677 Ol.
1281 1634 1339 1676 H.
1376 1633 1494 1675 Kolzl
1530 1646 1652 1686 quae-

158 1693 258 1735 dam
288 1692 446 1735 omissa
475 1693 680 1746 simplevit
709 1707 872 1736 necnon
903 1693 1083 1735 duorum
1113 1692 1314 1745 foliorum
1336 1692 1437 1745 (XI
1452 1696 1491 1734 et
1514 1691 1651 1746 XII),

157 1764 265 1804 qaae
295 1751 438 1794 excisa
469 1756 603 1804 erant,
636 1753 711 1795 sed
739 1767 780 1795 a.
817 1756 943 1794 1850.
982 1753 1034 1795 ab
1066 1752 1302 1795 Herscliel4
1332 1751 1498 1795 archivi
1528 1765 1653 1805 prae-

157 1810 263 1862 fecto
292 1814 459 1864 reperta
490 1815 529 1853 et
557 1812 752 1854 restituta
782 1815 892 1864 sunt,
925 1811 1119 1854 lectiones
1149 1811 1335 1854 enotavit
1346 1812 1373 1852 5.
1427 1811 1527 1853 Iam
1557 1824 1653 1852 vero

157 1883 230 1923 eqo
274 1869 364 1923 ipse
407 1870 584 1913 codicem
631 1885 659 1912 a
702 1870 971 1914 bibliothecae
1014 1870 1274 1914 Dresdensis
1311 1870 1546 1924 praefectis
1590 1870 1654 1912 bis

158 1987 224 2019 etsi
254 1996 395 2028 manus,
430 1996 520 2029 quae
554 1986 696 2020 Cosmae
728 1987 918 2021 chronicon
950 1989 1114 2030 scripsit,
1147 1987 1258 2030 paulo
1291 1988 1460 2021 vetustior
1493 1987 1652 2020 videtur.-

160 2042 179 2077 9
211 2033 382 2074 caudata,
416 2044 506 2076 quae
539 2044 631 2067 raro
664 2036 818 2068 occurrit
851 2037 890 2068 in
915 2034 953 2076 I,
978 2036 1036 2075 38,
1072 2045 1207 2078 semper
1239 2036 1313 2076 fere
1347 2036 1386 2067 in
1412 2034 1449 2075 I,
1475 2035 1533 2069 43.
1568 2035 1653 2066 scri·

160 2079 266 2114 bitur.
316 2079 384 2113 Sed
408 2084 447 2113 ut
471 2081 533 2124 qui
556 2081 674 2123 leynnt
705 2083 777 2124 ipsi
800 2082 960 2115 iudicare
983 2083 1132 2125 possint,
1156 2081 1282 2115 codicis
1306 2081 1338 2123 I,
1363 2082 1420 2117 38.
1454 2083 1655 2124 scripturae

159 2126 283 2160 tabula
307 2126 390 2160 huic
419 2127 554 2161 tomello
587 2128 755 2162 adiuncta
787 2132 849 2170 est,
882 2132 1067 2172 sperantes
1093 2130 1182 2171 fore,
1209 2132 1249 2161 ut
1274 2128 1316 2162 V.
1341 2129 1377 2164 d.
1402 2128 1445 2163 B.
1471 2128 1653 2171 Bretholz,

159 2175 310 2216 futurus
335 2174 480 2208 Cosmae
503 2175 542 2208 in
566 2174 634 2208 hac
657 2175 851 2210 collectione
874 2176 997 2219 editor,
1033 2176 1146 2209 addat
1178 2177 1278 2219 operi
1308 2185 1374 2209 suo
1406 2177 1577 2220 specimen
1610 2186 1654 2209 εει·

159 2221 268 2255 codice
297 2221 330 2263 I,
353 2223 412 2257 43.
445 2221 700 2266 depromptum.
759 2223 848 2256 Alia
881 2225 1025 2257 minora
1057 2224 1186 2257 codicis
1209 2223 1244 2256 A
1277 2224 1470 2266 specimina
1503 2223 1655 2256 invenies

159 2268 224 2304 SS.
242 2268 315 2303 ΙΙΙ,
335 2272 421 2312 post
438 2280 478 2312 p.
495 2270 567 2305 408
591 2270 685 2312 (scil.
710 2269 767 2304 lib.
793 2270 866 2312 ΙΙΙ,
885 2271 948 2309 69)
958 2281 974 2312 ,·
999 2270 1041 2305 L.
1065 2271 1203 2312 swelce,
1229 2270 1411 2304 ‘Deutsche
1436 2270 1653 2304 Geschichte'

159 2315 210 2351 ed.
237 2317 269 2351 7.
303 2315 330 2349 Ι
347 2316 483 2360 (1896),
513 2320 589 2360 post
617 2328 656 2361 p.
682 2318 764 2353 260.
790 2319 861 2353 288
896 2334 938 2346 =
975 2317 1103 2361 deer‚
1128 2316 1440 2361 ‘Weltyeschichte'
1466 2317 1518 2353 ed.
1543 2320 1577 2354 4.
1613 2317 1662 2351 II

160 2363 301 2407 (1899),
335 2366 416 2407 post
450 2375 487 2407 p.
524 2366 601 2400 110.
638 2369 670 2398 et
705 2366 774 2400 114
807 2365 855 2407 (I,
881 2367 940 2401 37.
973 2366 1031 2401 38.
1068 2365 1123 2409 ΙΙ,
1153 2366 1245 2407 36),·
1281 2365 1406 2399 Henne
1440 2376 1499 2398 am
1533 2365 1653 2409 Rhyn,

162 2410 500 2454 ‘Kulturqeschichte
523 2412 584 2445 des
607 2412 804 2449 Deutschen
827 2411 968 2446 Volkes’
993 2413 1045 2448 ed.
1071 2414 1103 2448 2.
1130 2413 1156 2446 Ι
1174 2414 1314 2456 (1892),
1344 2416 1429 2457 poet
1447 2424 1486 2457 p.
1513 2414 1584 2449 228
1610 2429 1651 2441 =

161 2458 310 2500 Berner,
329 2458 540 2492 ‘Geschae'chte
555 2459 615 2492 des
630 2459 685 2492 Pr
684 2460 883 2494 eussischen
899 2460 1054 2494 Staates'
1073 2461 1126 2507 ed.
1142 2461 1165 2496 2
1187 2461 1328 2503 (1896),
1350 2472 1389 2504 p.
1407 2462 1430 2496 3
1449 2460 1496 2503 (I,
1516 2462 1590 2500 35).
1610 2480 1655 2485 —

163 2505 264 2546 Quod
288 2505 333 2539 A.
350 2506 573 2548 Bachmann,
600 2506 776 2543 ‘MittheiL
801 2508 862 2541 des
876 2507 965 2543 Inst.
991 2508 1059 2549 fiir
1084 2499 1218 2543 O'steroz
1238 2507 1501 2549 Geschichtsfor
1502 2507 1653 2550 schunq'

161 2552 248 2595 XX,
278 2563 318 2596 p.
343 2554 402 2596 42,
436 2553 531 2587 dixit
557 2553 700 2588 Cosmae
723 2555 869 2588 codicem
894 2555 1021 2590 Dresd.
1047 2555 1080 2598 I,
1106 2557 1166 2591 43.
1190 2556 1373 2600 ememplar
1397 2566 1468 2589 esse
1494 2557 1534 2588 in
1568 2566 1656 2588 usus

161 2601 372 2633 monasterii
393 2600 616 2635 Sazawensis
638 2604 676 2634 tr
676 2603 928 2646 ansscriptum,
953 2612 1064 2646 compo
1067 2580 1182 2636 fobare
1204 2613 1343 2646 nequeo.
1466 2604 1500 2646 1)
1533 2602 1654 2646 Ebert,

26 2636 28 2638 V
99 2655 138 2680 40
163 2647 326 2681 ‘Archiv’
352 2647 428 2690 ΙΙΙ,
458 2659 495 2692 p.
522 2649 603 2691 605,
637 2649 782 2683 codicem
807 2650 841 2682 A
866 2660 910 2683 eoe
933 2650 1087 2694 quodam
1114 2650 1314 2684 corbeiensi
1337 2650 1553 2694 descriptum
1587 2660 1657 2684 esse

155 2696 320 2738 putavit,·
343 2695 404 2729 sed
428 2705 546 2729 omnes
568 2696 778 2730 Widulcindi
801 2697 930 2731 codices
954 2697 1054 2731 haud
1077 2697 1180 2731 dubie
1204 2707 1249 2731 ew
1273 2697 1376 2731 libris
1393 2697 1656 2731 Cm·beiensibus

161 2742 351 2776 derivandi
385 2746 490 2784 sunt,
525 2753 744 2787 quamquam
777 2753 899 2777 eorum
935 2748 1082 2778 stemma
1114 2745 1324 2779 constituere
1356 2755 1428 2779 non
1462 2747 1536 2778 iam
1570 2745 1655 2780 lic-et.

161 2787 200 2834 2)
219 2788 277 2831 Gt‘.
301 2791 502 2834 speciminis
525 2790 724 2824 columnam
740 2790 792 2826 H.
889 2792 926 2835 3)
952 2792 1016 2827 SS.
1041 2802 1113 2827 rer.
1131 2792 1321 2828 Brunsvic.
1339 2792 1370 2835 I,
1390 2803 1430 2835 p.
1447 2793 1655 2828 211—220.

163 2835 200 2872 4)
221 2835 335 2870 Haud
358 2837 403 2870 ab
428 2837 477 2872 H.
502 2837 611 2882 Kohl,
646 2843 687 2872 ut
720 2840 882 2885 infrap
884 2840 976 2882 ,64
1002 2849 1038 2874 n.
1065 2838 1091 2873 k
1119 2839 1219 2881 falso
1243 2840 1424 2875 annotavi.
1530 2840 1567 2882 5)
1598 2840 1654 2881 Cf.

104 2888 141 2914 45
165 2881 222 2917 ‘N.
255 2883 405 2918 Archiv’
430 2885 485 2928 ΙΙ,
514 2896 554 2929 p.
579 2864 661 2921 4'50.
713 2849 882 2927 Quornm
903 2885 1058 2920 duorum
1087 2887 1260 2928 foliorum
1293 2897 1414 2921 umore
1448 2887 1657 2930 affectorum

165 2930 501 3018 ssffffritmm
521 2943 615 2976 pars
638 2934 813 2977 quaedam
838 2933 938 2967 haud
962 2933 1067 2975 facile
1092 2933 1159 2977 Ieyi
1180 2937 1302 2979 potest,
1330 2936 1486 2969 mamime
1510 2936 1656 2968 initium

219 2987 247 3009 ιι
