2034 3380
131 992 166 1017 10

130 1286 164 1311 15

130 1874 165 1899 25

130 2223 166 2249 30

128 2643 175 2668 40>

508 322 575 358 DE
601 321 816 358 ORIGINE
841 322 1028 359 GENTIS
1053 323 1360 361 SWEVORUM.
1611 327 1679 363 131

191 459 362 496 omnes,
407 445 486 500 qui
526 446 658 486 erant
696 443 948 493 occidendi,
996 445 1174 486 carinas
1212 445 1318 487 illas
1357 446 1679 497 ascenderunt,

190 518 385 559 moxque
430 505 568 546 vento
618 502 792 557 arrepti
835 502 1238 545 vehementissimo
1285 504 1420 546 eiecti
1472 507 1581 547 sunt
1630 506 1679 548 in

191 566 329 618 portu
369 563 635 605 Danorum⁸
675 561 725 602 in
765 561 867 603 loco
907 557 1120 604 Sleswicb
1162 562 1414 605 nominato.
1486 563 1588 616 Quo
1633 565 1680 606 vi

191 622 482 678 tempestatis
521 619 704 676 appulsi
742 622 933 662 cunctas
977 620 1152 663 scafas⁰
1199 621 1464 664 minutatim
1512 623 1680 665 consci—

191 682 371 732 derunt,
413 694 471 723 ne
502 680 654 722 denuo
693 679 968 734 repatriaret
1007 676 1227 734 quisqued
1263 694 1435 723 eorum.
1497 681 1678 724 Deinde

189 740 464 795 provintiam
497 738 627 780 illam
658 737 991 794 perlustrantes
1031 741 1165 781 tanta
1196 753 1252 782 ex
1292 753 1346 782 ea
1386 740 1535 795 spolia
1575 741 1678 782 diri-

190 801 404 853 puerunt,
447 800 500 839 ut
531 797 647 838 XX⁰
685 797 814 839 milia
855 797 911 839 de
951 798 1045 840 suis
1081 811 1342 841 ascensores
1382 799 1678 854 predatorum

189 859 449 900 statuerent
490 856 788 899 caballorum.
858 856 1054 912 Reliqua
1098 871 1205 899 vero
1252 857 1505 900 multitudo
1546 859 1679 900 comi·

189 916 379 959 tabatur
410 916 670 970 equitantes
700 915 965 970 gradiendo.
1028 915 1235 971 Cumque
1274 917 1509 971 regionem
1548 917 1678 960 illam

190 975 427 1017 Danorum
459 989 600 1016 manu
629 974 784 1016 valida
815 978 1149 1029 peragrassent,
1182 976 1240 1017 ad
1261 972 1461 1018 Albamf
1486 976 1677 1019 fluvium

191 1035 558 1089 conmigrarunt‚
611 1047 755 1088 eoque
801 1034 998 1076 transito
1049 1047 1131 1089 per
1181 1035 1378 1077 finitima
1428 1035 1531 1078 loca
1582 1048 1679 1078 sese

190 1093 489 1135 diffuderunt.
1467 1127 1473 1131 .

334 1156 373 1193 6.
453 1152 519 1193 Ea
573 1153 850 1206 tempestate
901 1165 1038 1206 grave
1091 1152 1296 1195 duellum
1347 1153 1470 1195 inter
1523 1167 1679 1208 regem

189 1210 470 1254 Francorum
511 1210 844 1260 Theodericum
884 1213 931 1252 et
970 1211 1292 1253 Irminfridum
1331 1225 1486 1267 regem
1525 1213 1680 1255 fuerat

189 1270 593 1324 Thuringiorumg.
647 1268 796 1311 Causa
826 1265 962 1311 veroh
998 1271 1330 1325 congressionis
1361 1271 1411 1312 in
1442 1267 1670 1326 hystoriai

190 1329 420 1371 Saxonum
435 1328 450 1353 ¹
482 1328 758 1370 describitur
786 1328 908 1370 talis.
963 1325 1249 1371 Olodoveusk
1284 1343 1363 1372 rex
1394 1326 1525 1371 IIIIl
1560 1331 1679 1372 filios

188 1388 427 1438 habuerat,
454 1387 620 1442 quibus
644 1383 775 1428 IIIIl
803 1400 947 1443 regna
973 1388 1237 1430 diviseratm.
1285 1387 1491 1440 Quorum
1512 1393 1677 1440 unusn,

188 1447 496 1489 Theodericus
546 1446 784 1496 videlicet,
842 1448 1014 1488 terram
1065 1448 1407 1490 Austrasiorum
1421 1482 1430 1498 ‚
1488 1448 1538 1489 in
1588 1462 1679 1503 qua

188 1506 376 1548 Mettis⁰
423 1506 644 1560 oppidum
690 1505 828 1546 situm
877 1507 960 1556 est,
1008 1506 1212 1548 obtinuit
1258 1509 1396 1561 atque
1445 1521 1500 1549 ex
1541 1507 1678 1549 Fran·

190 1578 347 1606 corum
381 1564 606 1606 electione
645 1577 725 1606 rex
764 1563 861 1606 illic
902 1565 1210 1607 constitutusp
1247 1566 1503 1620 imperavit.
1576 1565 1677 1617 Quo

189 1625 427 1678 regnante,
469 1623 594 1664 misit
629 1622 807 1677 legatos
848 1623 907 1664 ad
939 1623 1259 1665 Irminfridum
1300 1637 1468 1679 regem,
1511 1625 1590 1679 qui
1629 1626 1678 1666 in

191 1682 534 1724 matrimonium
574 1683 769 1724 duxerat
805 1695 1005 1724 sororem
1047 1696 1190 1733 suam,
1229 1696 1366 1737 quam
1408 1684 1505 1725 eius
1545 1686 1678 1739 pater

191 1737 477 1784 Clodoveusk
502 1754 557 1783 ex
587 1740 824 1794 legitimoq
851 1740 1075 1783 conubior
1102 1744 1422 1796 progenuerat‚
1450 1756 1532 1796 pro
1554 1756 1679 1797 pace,

190 1804 298 1855 pro²³
335 1800 608 1842 concordia²
638 1800 859 1855 regnique
891 1797 987 1841 suit
1023 1800 1293 1843 stabilitate.
1357 1800 1528 1843 Cuiusu
1561 1801 1680 1856 lega-

190 1860 363 1901 tionem
405 1858 700 1900 Irminfridus
748 1858 946 1913 benigne
986 1859 1170 1913 quidem
1217 1860 1419 1915 suscepit
1460 1863 1507 1902 et
1547 1861 1676 1903 iurev

190 1932 370 1973 pacem,
419 1918 706 1960 concordiam
754 1921 967 1972 quoqueW
1009 1932 1112 1959 cum
1160 1932 1213 1960 eo
1253 1918 1423 1961 habere
1470 1920 1677 1970 asseruit,

190 1977 326 2031 quia¹
362 1990 559 2019 sororem
598 1990 728 2018 suam
764 1977 880 2018 sibiy
915 1977 965 2018 in
996 1977 1339 2019 matrimonium
1371 1978 1677 2033 copulaverit;

191 2049 329 2090 super
359 2036 491 2090 regni
522 2049 628 2077 vero
660 2035 916 2077 stabilitate
948 2035 1015 2076 nil
1048 2036 1091 2078 ei
1121 2049 1252 2091 posse
1282 2038 1558 2091 respondere
1590 2038 1679 2079 nisi

190 2094 455 2149 principum.
500 2107 685 2135 suorum
737 2094 1047 2136 assentatione
1063 2094 1092 2134 3.
1170 2095 1306 2137 Soror
1350 2096 1507 2150 itaque
1557 2096 1678 2151 regis

189 2220 220 2253 a)
244 2228 310 2246 can.
330 2227 407 2248 corr.
426 2220 492 2248 dan.
511 2220 548 2245 Β.
639 2220 669 2250 b)
693 2220 734 2245 sic
753 2220 788 2247 A.
806 2221 849 2251 B,·
874 2219 1002 2246 Sleswik
1024 2221 1059 2248 G.
1149 2220 1176 2253 c)
1201 2221 1326 2253 scaphas
1352 2222 1386 2247 G.
1480 2221 1512 2254 d)
1534 2223 1576 2247 εἰσ
1594 2223 1631 2248 A.
1653 2223 1680 2248 B

189 2255 326 2289 (quisq3);
354 2257 509 2288 quisquam
534 2256 570 2282 G.
614 2256 657 2286 Cf.
685 2255 765 2286 infra
784 2264 817 2287 p.
837 2256 898 2287 133,
924 2256 944 2283 l.
962 2256 1012 2281 20:
1039 2256 1096 2286 Qui
1123 2257 1226 2282 abiens
1254 2263 1387 2289 quosque
1415 2258 1494 2290 regis
1523 2258 1680 2290 optimates

189 2291 340 2317 convenit.
414 2290 442 2323 e)
460 2292 502 2316 sic
519 2291 555 2318 A.
573 2291 616 2320 B,·
634 2290 742 2322 viginti
760 2291 795 2318 G.
867 2290 890 2325 f)
915 2292 955 2316 εἰσ
974 2291 1001 2318 Ῑι.
1020 2292 1039 2318 l.
1058 2292 1094 2319 A.
1112 2292 1147 2319 Β,
1166 2292 1202 2324 G,
1227 2292 1308 2323 infra
1327 2300 1362 2324 p.
1381 2293 1441 2324 132,
1467 2293 1486 2320 Ζ.
1506 2293 1550 2319 16.
1576 2294 1680 2318 rectius

189 2327 278 2354 albia.
367 2326 400 2358 g)
423 2326 464 2351 sic
483 2327 519 2354 A.
537 2327 580 2356 G,·
605 2326 812 2358 thuringorum
831 2327 865 2354 Β.
956 2326 987 2359 h)
1012 2327 1101 2352 huius
1121 2328 1190 2354 add.
1207 2327 1243 2354 Β.
1332 2327 1353 2358 ἰ)
1377 2328 1418 2353 sic
1436 2329 1471 2355 A.
1490 2328 1533 2359 Β,-
1552 2329 1620 2354 hist.
1641 2329 1678 2356 G.

188 2361 222 2393 k)
246 2360 404 2387 clodoneus
423 2362 459 2390 Β.
539 2362 560 2392 1)
583 2362 625 2387 sic
643 2362 685 2393 A;
711 2362 800 2387 111101·
820 2362 863 2394 B;
888 2365 1015 2393 quatuor
1034 2363 1068 2389 G.
1146 2362 1188 2394 m)
1211 2361 1314 2388 diuisit
1331 2363 1366 2390 Β.
1444 2363 1475 2396 n)
1500 2367 1625 2395 quartus
1644 2365 1679 2391 G.

189 2397 219 2430 ο)
236 2398 333 2423 meitis
353 2397 388 2424 A.
406 2397 449 2428 B;
467 2397 556 2422 Metis
575 2397 609 2424 G.
627 2411 663 2416 -
681 2396 802 2429 opidum
819 2397 855 2422 B.
941 2397 972 2430 p)
990 2398 1031 2422 sic
1049 2398 1086 2425 A.
1103 2398 1138 2425 B.
1158 2398 1193 2430 G,
1213 2406 1271 2422 non
1289 2399 1441 2430 constitus,
1462 2400 1538 2431 quod
1557 2399 1678 2425 meen-

189 2432 252 2463 hoff
270 2432 394 2464 scripsit.
478 2433 508 2463 q)
526 2433 672 2464 legittimo
691 2433 726 2460 Β,
810 2431 836 2466 r)
856 2433 992 2464 coniugio
1012 2433 1046 2461 G.
1131 2432 1157 2466 s)
1175 2440 1248 2465 pace
1268 2437 1299 2459 et
1318 2441 1401 2460 conc.
1422 2434 1458 2462 G,
1542 2434 1565 2467 t)
1583 2435 1625 2460 sic
1643 2436 1679 2462 A.

188 2468 225 2493 B.
246 2468 281 2499 G,
300 2475 356 2493 non
373 2467 452 2493 solus
469 2468 505 2499 G,
525 2468 596 2492 sicut
615 2468 784 2499 Kallenhoff
803 2469 961 2496 annotavit.
1050 2468 1082 2500 u)
1106 2469 1147 2493 sic
1167 2469 1253 2494 etiam
1272 2469 1299 2494 B
1317 2468 1395 2502 (01⁷),
1422 2477 1479 2494 non
1502 2470 1577 2502 eius,
1603 2471 1679 2503 quod

189 2503 340 2528 Dco‘mmler
364 2503 383 2530 l.
402 2503 423 2528 l.
497 2502 529 2535 v)
553 2503 618 2528 iure
636 2510 713 2529 corr.
734 2503 815 2529 iurat
833 2504 868 2530 B.
940 2505 980 2534 w)
1003 2505 1044 2528 sic
1071 2497 1126 2536 (ὃς)
1152 2505 1186 2532 Δ.
1211 2505 1246 2532 B.
1271 2505 1305 2532 G.
1378 2504 1409 2537 x)
1433 2506 1475 2530 ‚sic
1498 2505 1557 2538 (τῃ)
1581 2507 1615 2533 A.
1635 2506 1678 2536 B,-

190 2538 269 2569 quod
288 2538 312 2562 G
331 2544 415 2570 saepe
428 2545 487 2569 pro
507 2538 586 2569 quia.
659 2538 689 2571 y)
709 2539 740 2564 in
759 2539 946 2564 matrimonio
965 2539 1021 2564 sibi
1040 2539 1074 2567 G.

191 2631 226 2676 1)
259 2632 306 2664 Id
330 2630 483 2674 Frutolfi
515 2632 675 2665 chronici
704 2633 919 2666 universalis
952 2633 1000 2666 ad
1032 2638 1150 2677 caput,
1184 2634 1277 2676 quod
1311 2634 1376 2667 ‘De
1405 2634 1541 2676 oriyine
1564 2634 1679 2668 Saaeo-

188 2679 286 2713 num'
311 2679 535 2722 inscribitur,
559 2689 627 2723 quo
651 2679 861 2712 Widukindi
882 2690 959 2722 cap.
984 2680 1015 2722 I,
1039 2681 1072 2715 9.
1097 2682 1318 2714 coniunctum
1342 2685 1391 2714 est
1415 2691 1493 2713 cum
1517 2691 1592 2723 cap.
1621 2682 1676 2717 19.

190 2726 375 2760 Historiae
410 2726 543 2761 Franc.
581 2727 748 2769 Greqorii
777 2726 924 2768 Tuo-on„
962 2726 1025 2761 SS.
1060 2726 1121 2769 VI,
1149 2738 1188 2770 p.
1218 2729 1285 2762 176
1301 2738 1365 2770 sq„
1399 2730 1556 2771 spectare
1587 2730 1677 2762 veri·

189 2774 304 2807 simile
331 2778 392 2808 est.
441 2774 538 2808 Idem
562 2773 721 2815 Frutolfi
748 2774 997 2816 praemittitur
1019 2774 1132 2807 libello
1165 2778 1286 2807 nostro
1320 2776 1358 2807 in
1392 2774 1502 2808 codice
1526 2775 1569 2810 B.
1620 2776 1676 2817 Cf.

197 2821 323 2863 Waitz,
359 2821 514 2854 ‘Archiv’
541 2820 611 2863 XI,
642 2831 680 2864 p.
698 2822 787 2864 3323
826 2820 1046 2862 Mallenhoff,
1081 2820 1264 2855 ‘Zeitschwz
1299 2822 1327 2862 f.
1363 2822 1409 2856 D.
1435 2821 1520 2856 ΑΗ.)
1545 2821 1677 2864 XVII,

130 2877 166 2903 45
185 2878 225 2912 p.
251 2868 317 2910 633
351 2868 538 2902 Dammler
561 2868 644 2903 ibid.
671 2867 777 2910 XIX,
806 2879 846 2910 p.
874 2869 940 2902 131
957 2878 1009 2910 sq.
1118 2869 1154 2911 2)
1194 2868 1248 2909 Cf.
1281 2878 1397 2911 supra
1428 2880 1463 2912 p.
1491 2869 1525 2911 9,
1561 2870 1583 2904 l.
1611 2870 1674 2905 18:

191 2924 383 2967 pro-pace
419 2917 527 2958 atque
561 2914 766 2950 concordia.
913 2914 951 2958 3)
985 2914 1233 2967 Ibida-10,
1269 2915 1290 2950 l.
1317 2916 1453 2951 7—11:
1491 2914 1554 2950 Ad
1587 2915 1678 2951 haec

190 2959 434 3004 Irmmfndus,
458 2962 561 2996 iuxta
585 2961 683 3006 quod
707 2961 867 3007 regalem
904 2960 1027 2995 decuit
1060 2960 1287 3007 dlgmtatem,
1322 2962 1521 2997 clementer
1553 2963 1676 3008 legato

1348 3033 1394 3070 9*
