2034 3380
772 330 1079 368 PRAEFATIO.
1614 332 1673 368 XI

182 466 269 495 non
298 453 432 506 plane
462 452 684 495 abnuerim
697 453 725 493 1.
787 451 1080 494 Romanorum
1108 457 1332 506 poetarum
1362 453 1547 496 maxime
1578 454 1675 496 Ver-

178 511 278 565 qilii
323 511 519 554 earmina
559 510 754 554 adhibuit
767 512 794 564 ²,
842 515 928 553 tum
967 511 1139 553 Lucani
1151 512 1179 564 3,
1227 511 1370 554 Ovidii
1380 513 1409 565 4,
1451 513 1632 556 Horatii
1645 514 1673 566 ⁵,

181 570 404 613 Iuvenalis
416 571 444 623 ⁶,
482 569 660 612 Iuvenci
675 570 689 595 ⁷
719 569 897 624 vestiqia
935 569 1212 612 inveniuntur
1222 584 1238 621 ;
1277 583 1385 623 quae
1423 586 1445 613 e
1482 572 1675 614 Terentio

180 629 412 680 Manihus,
446 627 519 671 ίΝ.
548 628 724 671 Archiv'
750 629 837 682 XI,
862 644 909 683 Ρ.
937 633 1006 682 52,
1040 629 1247 683 conqessit
1275 630 1475 683 eoeempla,
1508 645 1559 672 ea
1589 645 1676 673 esse

138 705 156 730 5
172 701 380 742 perquam
412 687 612 742 ambiqua
642 688 870 731 annalium
900 692 1140 731 nostrorum
1179 688 1358 731 editores
1397 689 1554 731 dudum
1594 694 1674 732 sta-

181 751 350 790 tuerunt
361 747 390 788 ⁸.
443 747 670 802 Iosephum
700 747 1086 802 historioqraphum
1106 747 1368 790 Iudaeorum
1399 748 1549 790 laudat
1569 748 1609 801 Ι,
1633 753 1672 801 2,

181 808 255 848 sed
281 807 404 849 modo
425 819 586 860 parum
617 807 842 861 explanato
855 807 884 848 ⁹.
956 807 1098 849 Multo
1137 806 1320 860 saepius,
1362 820 1490 860 quam
1528 807 1675 851 Waitz

180 865 551 919 animadverterat,
586 865 762 908 Bibliae
792 866 997 920 Vulqatae
1033 866 1159 908 dictis
1187 880 1420 908 sermonem
1449 880 1573 908 suum
1603 868 1675 909 ad-

180 927 350 967 ornavit
362 925 409 966 ¹⁰.
481 925 575 968 Uno
614 924 782 979 quidem
820 926 908 968 loco
946 925 1127 979 Sulpicii
1164 925 1310 968 Severi
1344 925 1444 968 Vita
1480 925 1675 968 Martini

121 1000 156 1026 ιο
179 998 272 1026 eum
301 998 424 1026 usum
455 998 541 1027 esse
571 1008 631 1013 —
660 986 772 1038 quod
789 984 1009 1027 Manitius
1038 988 1266 1038 neqaverat
1278 985 1314 1010 11
1337 1008 1396 1014 -
1427 985 1474 1028 0.
1497 985 1675 1028 Holder-

180 1043 324 1098 quer
352 1058 417 1086 me
447 1043 648 1086 docuitffl.

328 1102 518 1146 Ceterum
549 1117 636 1145 non
666 1103 890 1145 admodum
920 1103 1071 1145 multos
1091 1102 1220 1146 medii
1240 1103 1335 1146 aevi
1364 1103 1503 1155 fontes
1527 1103 1674 1158 Widu7

179 1161 335 1203 kindus
364 1161 414 1204 in
444 1161 656 1203 auxilium
685 1161 860 1204 vocavit.
917 1162 1037 1204 Vidit
1065 1161 1289 1204 historiam
1309 1162 1672 1216 Anqlosaxonum,

170 1221 325 1274 procul
355 1220 480 1262 dubio
501 1220 649 1263 Bedae
663 1222 710 1273 ¹3,
743 1221 1126 1274 Lanqobardorum
1157 1221 1291 1264 Pauli
1320 1221 1493 1264 diaconi
1507 1222 1554 1275 ¹4,
1594 1222 1673 1265 Go-

121 1294 155 1321 15
178 1279 345 1322 theram
385 1279 594 1322 Iordanis
607 1280 653 1333 ¹⁵,
695 1279 967 1322 Francorum
1003 1284 1122 1334 qesta
1134 1280 1182 1333 ¹⁶,
1223 1281 1298 1323 sed
1328 1295 1474 1334 pauca
1512 1295 1564 1324 ex
1606 1281 1675 1323 his

179 1338 302 1380 libris
332 1352 407 1381 suo
427 1338 621 1389 inseruit,
654 1353 874 1392 nunquam
893 1339 986 1392 fere
1006 1340 1066 1382 ad
1084 1340 1254 1382 verbum
1274 1353 1344 1382 eos
1364 1340 1671 1394 transscripsit.

179 1398 238 1440 In
278 1397 397 1440 bellis
435 1412 464 1440 a
494 1398 685 1441 Francis
725 1413 818 1441 cum
851 1398 1094 1441 Saxonibus
1129 1398 1258 1453 qestis
1272 1399 1307 1424 ¹⁷
1347 1403 1386 1442 et
1423 1399 1474 1442 in
1510 1399 1674 1442 Ottonis

179 1456 326 1499 habitu
364 1457 630 1511 moribusque
668 1457 1027 1500 adumbrandis¹⁸
1066 1458 1290 1501 Einhardi
1330 1458 1472 1501 Vitam
1511 1459 1674 1501 Karoli

173 1530 281 1569 prae
313 1516 444 1559 oculis
473 1516 670 1559 habuisse
699 1516 878 1559 videtur.
941 1518 1088 1571 Neque
1118 1531 1222 1560 sane
1251 1517 1409 1560 mirum
1451 1522 1521 1571 est,
1563 1519 1676 1572 quod

120 1590 155 1615 20
179 1575 252 1617 ille
288 1576 428 1627 frater
464 1575 728 1619 Corbeiensis
758 1575 1009 1619 Passionem
1048 1581 1088 1619 et
1122 1577 1464 1620 Translationem
1505 1591 1538 1620 s.
1572 1577 1671 1628 Viti,

186 1634 450 1677 Corbeiensis
481 1635 673 1688 patroni,
713 1636 995 1689 usurpaverit,
1036 1635 1086 1678 id
1123 1637 1235 1689 quod
1277 1650 1328 1679 ex
1368 1636 1408 1690 Ι,
1448 1641 1517 1678 34.
1565 1636 1673 1679 satis

180 1693 380 1746 efficitur.
443 1694 506 1736 At
534 1694 736 1747 Ruodolfi
771 1695 1114 1738 Translationem
1144 1709 1177 1738 s.
1200 1695 1446 1738 Aleoeandri
1476 1710 1569 1738 eum
1600 1697 1671 1738 ad-

179 1752 365 1795 hibuisse
394 1753 567 1796 minime
607 1754 842 1807 eredimus,·
880 1758 1053 1808 uterque
1092 1768 1144 1796 θα)
1182 1756 1322 1797 eodem
1361 1755 1488 1808 fonte,
1522 1755 1674 1808 prisca

180 1811 427 1865 traditione,
475 1812 636 1866 hausit,
682 1812 855 1867 ideoque
899 1814 1021 1856 valde
1065 1813 1178 1856 inter
1219 1828 1263 1856 se
1302 1814 1556 1857 conveniunt
1598 1829 1674 1857 nec

119 1885 154 1911 25
180 1875 320 1913 tamen
359 1871 530 1914 omnino
569 1874 838 1915 concordant.
911 1872 1052 1916 Vitam
1093 1873 1394 1916 Hathumodae
1433 1873 1672 1917 abbatissae

185 1930 592 1973 Gandershemensis
621 1946 714 1973 eum
743 1933 803 1974 ad
836 1946 958 1974 suum
987 1946 1112 1975 usum
1152 1932 1401 1976 convertisse
1438 1947 1490 1975 ex
1525 1933 1566 1986 I,
1605 1938 1671 1975 16.

179 1989 336 2032 Hauck
350 1990 386 2015 ¹⁹
406 1990 615 2033 audacius
635 1990 848 2044 conclusit,
874 1991 1082 2046 Ruotyeri
1104 1991 1246 2034 Vitam
1266 1991 1494 2034 Brunonis
1513 1992 1672 2035 arehie-

182 2081 217 2126 1)
244 2081 301 2122 Cf.
326 2081 371 2117 E.
393 2081 590 2124 Cornelius,
618 2082 795 2122 Quomodo
817 2083 960 2116 Tacitus
983 2083 1221 2117 historiarum
1244 2085 1403 2128 scriptor
1426 2085 1466 2117 in
1489 2083 1672 2117 hominum

179 2130 351 2162 memoria
382 2132 544 2163 versatus
574 2131 623 2162 sit
654 2129 801 2173 (Proyr.
827 2130 984 2164 Wetzlar
1010 2131 1117 2175 1888)
1144 2142 1184 2175 Ρ.
1210 2132 1257 2167 38
1272 2142 1323 2175 sq.
1437 2132 1474 2175 2)
1500 2129 1671 2165 facundia

118 2185 154 2212 so
178 2174 334 2209 Homeri
370 2176 428 2210 vel
466 2174 631 2210 Maronis
668 2177 843 2211 laudatur
876 2179 984 2212 etiam
1020 2178 1096 2220 III,
1127 2180 1184 2214 74.
1312 2178 1350 2223 3)
1387 2178 1419 2221 I,
1454 2180 1487 2214 2.
1525 2179 1580 2221 II,
1613 2180 1670 2214 36.

176 2223 252 2263 ΙΙΙ,
272 2225 327 2258 17.
355 2225 410 2261 18.
507 2225 545 2267 4)
574 2224 605 2267 I,
625 2226 657 2260 9.
683 2224 757 2267 III,
777 2226 940 2269 praefat.
967 2229 998 2259 et
1021 2236 1049 2261 c.
1067 2227 1123 2261 55.
1213 2226 1250 2269 5)
1278 2225 1352 2268 III,
1372 2226 1428 2261 29.
1524 2227 1561 2269 6)
1586 2226 1618 2269 Ι,
1636 2228 1669 2262 5.

176 2270 251 2311 ΙΙΙ,
267 2271 325 2306 29.
368 2271 426 2312 Of.
450 2271 642 2315 Manitius,
668 2271 877 2315 Philoloqus
891 2272 935 2315 L,
954 2284 994 2316 Ρ.
1011 2274 1094 2309 357.
1192 2274 1228 2316 7)
1257 2272 1309 2315 ΙΙ,
1325 2274 1383 2310 25.
1409 2273 1485 2316 ΙΙΙ,
1510 2275 1671 2317 praefat.

176 2319 213 2361 8)
239 2318 299 2354 (Ν.
316 2318 468 2352 Archiv’
486 2318 554 2360 XI,
574 2330 613 2363 Ρ.
632 2320 690 2361 52,
716 2330 752 2354 n.
775 2321 807 2357 1.
857 2320 977 2363 Neque
1001 2324 1179 2354 auctorem
1203 2325 1368 2354 nostrum
1392 2324 1442 2354 tot
1466 2321 1599 2355 libellos
1621 2323 1671 2355 ad

176 2375 306 2399 manus
329 2365 506 2406 habuisse,
535 2368 748 2410 praesertim
773 2377 852 2400 cum
870 2369 986 2411 pauci
1009 2368 1075 2401 loci
1098 2367 1146 2400 ad
1169 2367 1312 2401 verbum
1336 2368 1471 2402 redditu·
1491 2370 1577 2411 sint,
1610 2370 1671 2402 sed

116 2415 151 2448 35
175 2414 346 2446 memoria
370 2423 448 2446 eum
473 2415 623 2447 tentasse
647 2415 812 2456 flosculos
834 2415 888 2448 vel
906 2416 1028 2458 potius
1051 2415 1276 2456 collectiones,
1300 2426 1391 2459 quas
1414 2416 1536 2449 dicunt
1568 2417 1670 2458 flori-

177 2460 280 2503 leyia,
307 2461 347 2493 in
371 2471 474 2493 usum
499 2471 605 2494 suum
629 2462 773 2495 vertisse
795 2463 935 2498 com‘cio.
1033 2462 1069 2507 9)
1097 2462 1153 2504 Cf.
1177 2474 1213 2506 p.
1236 2464 1271 2505 4,
1295 2473 1331 2497 n.
1354 2464 1388 2498 4.
1487 2463 1546 2507 10)
1571 2463 1672 2498 Non-

176 2507 282 2541 nulla
306 2507 435 2541 horum
459 2509 741 2542 testimoniorum
765 2509 864 2543 haud
882 2511 997 2553 parvi
1018 2511 1184 2544 momenti
1206 2513 1290 2542 sunt
1314 2511 1363 2543 ad
1378 2510 1552 2544 historiae
1566 2512 1670 2554 fidem

175 2555 466 2597 examinanda-m,
491 2556 578 2599 quia
603 2566 647 2589 ex
675 2556 733 2589 his
757 2561 920 2600 apparet,
946 2561 1084 2600 quanta
1107 2559 1161 2591 vis
1184 2557 1397 2590 widukindi
1421 2558 1536 2592 verbis
1560 2560 1668 2592 attri-

175 2601 311 2635 buenda
348 2613 418 2636 esse
453 2603 644 2644 videatur5
679 2605 724 2646 cf.
763 2616 799 2648 Ρ.
829 2606 888 2647 70,
926 2615 962 2639 n.
999 2606 1030 2640 1.
1068 2616 1106 2648 Ρ.
1138 2607 1195 2647 75,
1231 2615 1266 2639 n.
1301 2606 1334 2639 3.
1373 2617 1409 2649 Ρ.
1446 2606 1525 2648 118,
1564 2617 1599 2640 u.
1636 2608 1667 2641 1.

114 2658 151 2683 40
176 2648 236 2694 11)
262 2649 355 2682 ‘Zur
380 2649 503 2685 Gesch.
529 2660 596 2684 von
619 2650 718 2695 Sulp.
745 2651 928 2693 Schriften
958 2653 1008 2684 im
1032 2651 1270 2693 Mittelalter’,
1298 2652 1355 2687 ίΝ.
1382 2652 1531 2686 Archiv’
1558 2653 1667 2696 XIV,

169 2707 209 2739 p.
236 2698 315 2732 167.
414 2697 473 2742 12)
499 2697 540 2732 P.
566 2698 626 2739 36,
655 2709 690 2733 n.
715 2699 751 2733 2.
802 2698 857 2740 Cf.
887 2709 927 2742 Ρ.
954 2701 1012 2741 51,
1038 2711 1073 2735 n.
1099 2701 1131 2735 5.
1232 2699 1291 2744 13)
1318 2700 1350 2741 Ι,
1373 2701 1408 2735 8.
1459 2700 1515 2741 Cf.
1546 2712 1583 2745 Ρ.
1609 2702 1667 2744 20,

174 2754 210 2776 n.
235 2745 268 2779 6.
367 2745 426 2787 14)
455 2744 488 2786 Ι,
513 2746 567 2780 14.
667 2746 726 2788 15)
754 2746 786 2788 I,
811 2747 867 2781 18.
965 2748 1025 2790 16)
1053 2747 1086 2788 Ι,
1110 2748 1165 2782 14.
1207 2747 1293 2780 Illis
1315 2747 1540 2780 Francorum
1561 2750 1669 2791 yestis

174 2791 337 2824 Annales
360 2793 422 2835 qui
445 2792 616 2825 dicuntur
632 2792 820 2826 Einhardi
840 2793 1061 2836 siynificatos
1084 2805 1156 2828 esse
1179 2796 1232 2828 ita
1255 2798 1344 2828 certe
1367 2798 1521 2828 statuere
1536 2795 1667 2829 dubito.

175 2837 408 2882 Nequaquam
442 2842 557 2873 autem
585 2849 734 2883 possum
767 2841 958 2884 concedere,
992 2842 1085 2885 quod
1115 2841 1304 2883 Manitius,
1335 2841 1392 2877 1Ν.
1417 2842 1569 2875 Archiv'
1595 2842 1665 2885 XI,

114 2891 151 2917 45
170 2894 209 2927 Ρ.
237 2886 283 2920 65
298 2896 384 2929 sqq„
419 2891 452 2920 et
474 2886 540 2920 hos
565 2890 597 2921 et
621 2887 815 2922 Fuldenses
846 2891 950 2931 atque
973 2888 1155 2922 Nithardi
1185 2889 1361 2922 historias
1394 2899 1417 2922 a
1450 2889 1669 2924 We‘dukimlo

175 2933 377 2975 saepissime
411 2943 482 2968 esse
517 2936 713 2978 exscriptos
748 2937 913 2970 asseruit.
1051 2937 1111 2979 17)
1152 2936 1188 2980 Ι,
1228 2937 1282 2972 15.
1418 2937 1477 2980 18)
1506 2937 1574 2980 ΙΙ,
1608 2939 1667 2973 36.

177 2979 236 3021 19)
266 2978 375 3015 ‘Kal
400 2980 474 3023 III,
501 2992 541 3025 Ρ.
566 2983 649 3017 312.
