2034 3380
399 333 582 370 RERUM
608 331 889 369 GESTARUM
914 328 1293 366 SAXONICARUM
1317 329 1415 367 LIB.
1440 328 1492 366 Π.
1645 329 1691 364 81

201 460 393 514 paterna
438 457 668 511 potestate
713 454 951 508 presunt&
1023 446 1237 492 Ducatub
1282 451 1425 504 igitur
1465 449 1694 492 Boioario·

200 519 329 558 rum⁰
377 517 566 570 accepto
610 525 899 567 nequaquam
947 510 1124 552 desidia
1169 509 1365 564 torpuit,
1414 510 1494 551 sed
1534 509 1693 550 abiens
1706 512 1853 560 949l50.

201 570 524 630 Aquilegiamd
575 572 698 627 cepit
712 570 739 622 1,
796 570 1021 624 Ungarios
1073 568 1252 610 duabus
1297 568 1475 609 vicibus
1522 568 1686 608 armis⁰

202 634 435 690 superavit
448 633 475 683 ²,
523 625 806 673 Ticinumf·3
855 627 1186 676 transnatavit,
1240 628 1287 668 et
1338 627 1482 681 preda
1527 640 1693 680 magna

159 710 177 734 5
202 694 326 735 intra
375 692 609 747 regionem
660 689 863 731 hostium
925 689 1061 742 capta
1113 686 1364 728 exercitum
1415 685 1693 727 incolumem

202 753 429 808 patriamg
466 749 652 792 reduxit
665 748 692 788 3.
760 747 942 788 Talium
982 746 1127 801 igitur
1167 747 1214 787 et
1253 747 1491 786 tantorum
1531 757 1692 793 mores,

202 811 414 853 habitum
445 809 745 862 formamque,
779 819 892 861 quos
924 818 1101 847 summa
1133 804 1377 846 clementia
1420 803 1593 845 mundo
1635 802 1694 843 ad

202 869 390 912 delicias
421 880 693 921 omnemque
725 867 935 908 decorem
967 863 1230 914 destinavit,
1262 858 1476 905 nostrae11
1501 876 1594 904 non
1626 864 1695 903 est

202 928 475 971 omnimodis
506 921 716 968 virtutisi
748 937 995 980 exponere;
1029 936 1187 965 verum
1220 922 1524 972 devotionem,
1558 935 1695 975 quam

143 1003 178 1028 ιο
203 1001 309 1043 erga
342 1001 418 1030 eos
450 986 685 1033 habemus,
718 985 904 1039 penitus
936 982 1084 1025 celare
1116 981 1371 1036 nequimus.
1436 981 1541 1036 Ipse
1574 980 1695 1021 deni—

203 1061 291 1102 que
334 1046 546 1088 dominus
586 1058 760 1094 rerum,
808 1043 1003 1084 fratrum
1046 1043 1162 1083 natu
1209 1041 1432 1081 maximus
1480 1039 1694 1094 optimus,

202 1106 411 1161 inprimis
447 1105 621 1159 pietate
662 1105 761 1145 erat
802 1102 964 1151 clarus,
1007 1113 1144 1156 opere
1185 1100 1390 1141 omnium
1430 1098 1695 1140 mortalium

204 1164 625 1213 constantissimus,
695 1163 849 1216 preter
913 1161 1066 1214 regiae
1136 1159 1407 1213 disciplinae
1474 1160 1696 1199 terrorem

204 1237 381 1278 semper
416 1222 653 1271 iocundus,
691 1220 834 1262 dandi
874 1219 1030 1273 largus
1043 1218 1071 1267 4,
1116 1218 1374 1259 dormiendi
1414 1215 1610 1272 parcus⁵
1650 1219 1697 1258 et

145 1297 179 1322 ιε
203 1284 325 1324 inter
372 1281 691 1323 dormiendum
743 1292 921 1333 semper
967 1277 1143 1331 aliquid
1189 1276 1404 1331 loquens,
1454 1289 1544 1330 quo
1592 1289 1696 1316 eum

203 1355 382 1396 semper
411 1340 603 1394 vigilare
636 1339 869 1387 aestimes3
910 1336 1067 1378 amicis
1098 1335 1244 1377 nichil
1275 1348 1449 1389 negans
1482 1336 1528 1376 et
1560 1347 1695 1388 supra

204 1401 435 1442 hominem
468 1398 630 1440 fidelis.
683 1397 803 1438 Nam
835 1397 1057 1451 quosdam
1089 1395 1348 1436 audivimus
1380 1395 1618 1436 accusatos
1651 1395 1698 1435 et

204 1459 383 1515 peccati
423 1457 712 1507 manifestos,
760 1457 912 1510 ipsum
954 1469 1110 1497 eorum
1151 1454 1425 1495 advocatum
1474 1455 1520 1494 et
1561 1452 1697 1494 inter-

205 1531 429 1560 cessorem
461 1519 508 1559 et
544 1516 747 1558 criminis
788 1515 918 1556 nullo
951 1515 1086 1555 modo
1128 1508 1412 1563 credulumk,
1457 1514 1504 1554 et
1545 1512 1602 1553 ab
1645 1525 1698 1553 eo

144 1593 180 1617 20
206 1579 310 1632 post
356 1571 586 1626 habitos¹‚
633 1577 869 1628 tamquam
916 1573 1061 1614 nichil
1102 1586 1320 1626 umquam
1360 1572 1409 1612 in
1454 1585 1557 1613 eum
1599 1584 1698 1625 pec—

207 1637 387 1678 cassent
399 1635 428 1675 ⁶.
482 1633 758 1689 Ingenium⁷
789 1633 832 1675 ei
863 1632 1111 1674 admodum
1145 1631 1423 1680 mirandum;
1457 1643 1565 1671 nam
1594 1631 1699 1684 post

206 1697 399 1737 mortem
441 1694 635 1735 Edidism
674 1693 879 1747 reginae,
926 1705 1029 1733 cum
1071 1692 1208 1731 antea
1247 1690 1476 1739 nescierit,
1518 1688 1698 1730 litteras

205 1755 253 1795 in
293 1755 507 1795 tantumn
544 1752 720 1801 didicit,
763 1754 817 1792 ut
848 1750 1048 1805 pleniter
1079 1749 1220 1791 libros
1257 1749 1410 1803 legere
1442 1750 1490 1790 et
1529 1747 1698 1789 intelli·
1735 1788 1739 1801 ἶ

205 1816 339 1867 gere⁰
371 1812 564 1865 noverit.
618 1811 833 1852 Preterea
858 1810 1064 1851 Romana
1096 1807 1285 1862 lingua⁸
1307 1807 1693 1861 Sclavanicaquep

144 1927 180 1953 25
205 1930 234 1959 a)
250 1927 452 1960 praesumitss)
465 1926 526 1954 ΒΣ.
580 1926 611 1957 b)
627 1926 745 1951 Ducato
759 1925 785 1949 Β
795 1926 821 1949 1.
878 1925 906 1955 c)
925 1923 1123 1949 bawariorum
1137 1924 1172 1950 Δ.
1185 1923 1211 1948 Β
1222 1924 1253 1956 1;
1273 1922 1480 1948 Baioariorum
1494 1922 1520 1946 B
1530 1922 1556 1947 2.
1610 1920 1640 1953 d)
1659 1922 1699 1946 sie

205 1964 267 1991 132.
286 1963 314 1990 C.
334 1963 431 1993 δαείω
450 1961 610 1993 aquileiam
623 1962 658 1988 A.
673 1961 732 1988 131.
751 1960 844 1991 Siqeb.
864 1973 899 1978 —
918 1960 985 1984 Post
1000 1959 1102 1990 aquil.,
1123 1966 1179 1983 non
1192 1961 1260 1990 post
1273 1958 1362 1991 cepit,
1378 1960 1517 1990 punctum
1530 1957 1651 1982 collocat
1665 1958 1700 1985 A.

207 1998 235 2031 e)
259 2005 395 2030 supet-av.
421 1998 510 2023 armis
535 1997 600 2024 131.
708 1996 735 2026 f)
763 1996 803 2021 sie
829 1995 863 2022 A.
886 1995 952 2020 Bl.
978 1995 1005 2021 2.
1030 1995 1059 2021 C.
1083 1994 1192 2025 Siyeb.;
1217 1994 1348 2019 vicinum
1372 2000 1454 2018 mare
1479 1994 1587 2018 emend.
1608 1993 1697 2018 Saxo.

205 2035 236 2066 g)
254 2034 285 2059 in
302 2034 431 2065 patriam
449 2033 511 2059 ΒΞ.
583 2032 614 2063 h)
633 2034 767 2056 nostrum
786 2031 847 2058 Β2.
919 2030 942 2063 i)
960 2030 1121 2055 uirtutibus
1142 2030 1180 2059 C,·
1199 2037 1253 2056 om.
1267 2029 1292 2054 B
1303 2029 1327 2056 2,
1400 2029 1432 2061 k)
1452 2029 1588 2054 credulus
1602 2029 1699 2052 eadem

206 2076 295 2094 manu
320 2075 396 2094 corr.
423 2067 576 2093 credulum
600 2065 747 2098 (credulfi)
772 2066 801 2093 C.
829 2080 864 2084 —
891 2068 922 2090 et
947 2073 1001 2092 om.
1026 2065 1052 2090 B
1068 2066 1094 2090 2.
1204 2064 1226 2094 l)
1252 2064 1437 2096 posthabitus
1463 2071 1521 2088 una
1546 2070 1609 2088 voce
1633 2064 1659 2088 B
1675 2063 1701 2090 2.

147 2104 182 2129 30
207 2104 248 2137 m)
269 2102 365 2136 edidis
385 2104 415 2131 C.
486 2104 519 2131 n)
536 2103 684 2128 intantum
703 2109 762 2126 una
780 2107 844 2126 voce
862 2101 898 2127 A.
917 2101 978 2128 132.
994 2100 1024 2127 C.
1096 2099 1125 2132 o)
1143 2100 1317 2131 intellegere
1331 2100 1361 2125 C.
1436 2098 1468 2132 p)
1487 2099 1701 2129 slauanicaque

207 2140 242 2167 A.
262 2139 300 2169 C,-
319 2139 489 2170 slauicaque
508 2138 576 2171 B1;
597 2136 833 2168 Sclauonicaque
852 2136 919 2168 1323
941 2139 972 2161 et
990 2135 1142 2161 slauoniea
1161 2136 1248 2162 Saxo.

209 2223 244 2266 1)
272 2222 354 2255 Hac
377 2222 418 2255 de
442 2231 481 2254 re
505 2219 596 2253 alibi
618 2229 689 2253 non
714 2220 844 2261 fertur.
892 2217 960 2251 Sed
984 2218 1210 2251 Thietmarus
1232 2217 1284 2260 ΙῙ,
1303 2218 1361 2259 40,
1386 2217 1449 2252 SS.
1467 2227 1500 2251 r.
1520 2217 1562 2252 G.
1583 2228 1622 2260 p.
1639 2217 1698 2258 43,

206 2273 340 2303 narrat
363 2268 575 2302 Heinricum
602 2268 825 2310 praecepisse
849 2264 1095 2309 patriarcham
1130 2264 1175 2298 de
1199 2263 1371 2308 Aquileia
1405 2263 1575 2308 castrari;
1609 2264 1702 2307 quod

202 2319 335 2360 postea,
361 2326 394 2351 a.
413 2317 494 2358 955,
519 2316 656 2357 factum
679 2323 750 2347 esse
766 2316 856 2347 recte
871 2314 996 2346 statuit
1013 2312 1211 2355 Bic'dinyer,
1230 2312 1393 2347 ‘Oea-mr.
1414 2311 1547 2346 Gesch!
1560 2321 1599 2354 p.
1618 2313 1700 2352 259,

147 2371 183 2397 35
207 2375 242 2398 n.
262 2366 295 2405 5,
313 2364 357 2406 cf.
376 2363 460 2405 Req.
477 2362 568 2406 Imp.
586 2362 639 2405 II,
656 2372 714 2396 nr.
732 2362 838 2396 217a.
935 2362 972 2402 2)
990 2360 1036 2395 A.
1053 2361 1133 2395 950.
1151 2361 1245 2393 inter
1263 2359 1453 2392 Bawarios
1470 2361 1502 2393 et
1521 2358 1702 2401 Unyarios

208 2411 331 2445 bellum
346 2420 516 2453 maqmcm
529 2410 667 2451 fadum
679 2419 753 2442 esse
765 2407 925 2441 Annales
936 2406 1202 2448 Hersfeldenses
1213 2406 1293 2449 (SS.
1304 2406 1378 2449 III,
1388 2417 1428 2450 p.
1439 2407 1501 2448 583
1516 2406 1703 2449 Lamperti

211 2458 327 2501 Opera
351 2458 404 2492 ed.
430 2456 722 2498 Holder-Eyqer
740 2466 779 2498 p.
806 2456 870 2493 36)
893 2455 1066 2497 produnt,
1118 2454 1174 2495 Cf.
1201 2454 1285 2497 Rey.
1310 2454 1402 2496 Imp.
1429 2454 1480 2496 II,
1508 2464 1565 2488 nr.
1591 2455 1661 2489 190
1671 2454 1701 2488 b.

209 2507 246 2548 3)
271 2504 407 2548 Ko'pka
436 2503 663 2544 Giesebrecht,
688 2503 840 2545 Riezler,
867 2500 1002 2537 ‘Gescla
1030 2501 1200 2535 Baierns'
1224 2501 1255 2544 I,
1281 2512 1320 2544 p.
1346 2502 1427 2543 341,
1454 2501 1522 2534 alii
1545 2501 1585 2534 de
1614 2501 1702 2534 Tiza

210 2551 388 2595 (Theiss),
411 2551 592 2593 Unyariae
616 2551 735 2592 fluvio,
771 2550 983 2591 cogitarunt,
1012 2549 1142 2592 quibus
1173 2559 1222 2582 an
1255 2550 1435 2581 assentiar
1458 2547 1590 2590 dubito,
1623 2558 1702 2581 eum

150 2607 186 2632 40
210 2599 364 2640 fortasse
381 2599 419 2631 in
435 2598 547 2631 Italia
566 2597 758 2639 Unyarioe,
776 2596 1008 2639 patriarchae
1020 2596 1262 2640 Aquileqiensi
1276 2596 1411 2637 foedere
1427 2597 1575 2636 iunctos,
1591 2594 1702 2628 Hein—

210 2648 308 2679 ricus
324 2645 517 2680 debellarit.
557 2644 614 2685 Cf.
631 2644 818 2677 Mmmler
832 2654 871 2686 p.
891 2645 972 2686 183,
988 2654 1024 2678 n.
1108 2644 1146 2686 4)
1168 2643 1264 2676 Idem
1285 2653 1401 2685 capra
1416 2653 1456 2685 p.
1475 2644 1531 2684 61,
1552 2642 1573 2676 l.
1594 2644 1637 2677 13
1650 2652 1702 2685 sq.

210 2693 251 2726 de
267 2692 480 2727 Eberhardo
496 2692 602 2725 duee:
619 2689 797 2724 ineundus
814 2689 935 2724 animo
954 2718 961 2724 .
978 2718 985 2725 .
1002 2718 1009 2725 .
1028 2690 1151 2734 largus
1169 2689 1207 2723 in
1225 2689 1356 2724 dando.
1431 2689 1467 2732 5)
1482 2689 1617 2724 Lucan.
1632 2689 1700 2731 IX,

211 2752 242 2774 υ.
253 2741 338 2776 59οε
353 2739 471 2773 somni
483 2737 723 2783 parcissimus.
782 2736 818 2782 6)
830 2737 884 2779 Cf.
899 2737 1007 2770 huius
1021 2737 1110 2770 libri
1121 2739 1184 2773 037,
1197 2739 1251 2772 10.
1261 2738 1319 2772 29.
1379 2736 1414 2779 7)
1423 2736 1469 2769 In
1481 2737 1703 2779 sequentibus

219 2787 479 2820 Widukindum
501 2786 692 2820 Einhardi
716 2784 833 2818 Vitam
855 2784 992 2817 Karoli
1011 2795 1101 2828 prae
1126 2785 1237 2818 oculis
1261 2783 1426 2817 habuisse
1451 2784 1576 2826 legenti
1597 2784 1703 2825 facile

151 2842 188 2867 45
207 2834 351 2877 patebit.
376 2833 555 2868 PERTZ.
588 2832 687 2874 Quod
703 2832 890 2865 Diimmler
901 2842 940 2874 p.
955 2832 1036 2871 513,
1055 2842 1092 2864 n.
1104 2833 1134 2866 1.
1153 2833 1192 2864 in
1208 2831 1314 2864 dubio
1330 2831 1462 2874 posuit,
1479 2830 1613 2864 Hauck
1624 2830 1701 2873 III,

208 2892 246 2924 p.
261 2882 342 2923 312,
360 2891 396 2916 n.
409 2883 444 2923 4,
463 2881 710 2923 comprobavit.
783 2878 820 2924 8)
839 2878 922 2911 Non
939 2878 979 2911 de
995 2879 1122 2921 linqua
1135 2878 1283 2921 Latina,
1301 2888 1408 2921 quam
1423 2878 1578 2911 Ottonem
1593 2889 1636 2912 ne
1647 2880 1704 2911 in-

213 2927 382 2961 telleoeisse
393 2928 533 2971 quidem
545 2927 640 2961 nihil
649 2927 752 2960 habet
764 2927 894 2969 negotii
905 2927 1148 2960 demonstrare
1160 2925 1278 2968 (Flod.
1293 2936 1326 2960 a.
1338 2927 1424 2967 9483
1439 2925 1592 2968 Liudpr.
1606 2925 1702 2961 Hist.

218 2974 283 3012 Οτι,
302 2984 329 3009 c.
345 2976 406 3017 11;
425 2974 632 3009 Ekkehard.
650 2974 702 3008 De
719 2974 869 3016 casibus,
886 2973 949 3008 SS.
965 2973 1016 3017 ΙΙ,
1031 2984 1071 3017 p.
1087 2975 1166 3016 139,
1181 2973 1201 3008 l.
1213 2974 1269 3008 43.
1288 2976 1319 3006 et
1338 2972 1399 3008 ‘Sa
1417 2972 1512 3008 Gall.
1528 2972 1617 3014 GQ!
1633 2973 1704 3015 III,

289 3042 462 3071 Widukind.
1398 3045 1419 3078 6
