2034 3380
382 341 566 378 RERUM
591 340 874 377 GESTARUM
899 339 1274 377 SAXONIGARUM
1298 341 1397 376 LIB.
1421 341 1474 376 Π.
1627 343 1673 378 65

184 463 338 505 valida
377 477 517 504 manu
554 462 975 518 appropinquasset,
1017 461 1188 516 apertis
1228 463 1373 516 portis
1412 463 1672 505 introduxe-
1685 468 1766 504 938.

184 525 294 564 runt
345 523 616 572 exercitum,
669 521 748 575 qui
802 520 1046 562 obsederat
1099 520 1270 562 urbem.
1358 521 1672 563 Thancmarus

185 584 340 623 autem
385 581 510 635 fugit
554 580 603 620 in
649 579 889 621 ecclesiam
929 593 956 620 a
996 579 1149 620 Leone
1189 592 1310 633 papa
1350 579 1487 621 beato
1532 580 1672 622 Petro

185 640 392 695 apostolo
433 638 693 681 dedicabam
707 638 735 678 1.
812 638 1053 679 Exercitus
1099 640 1255 679 autem
1295 640 1562 692 persecutus
1604 641 1675 680 est

143 713 160 738 5
185 712 288 740 eum
320 711 463 752 usque
499 697 548 738 in
587 697 827 751 templum,
869 699 917 738 et
956 696 1152 738 maxime
1193 696 1417 738 satellites
1449 696 1671 747 Heinrici,

185 757 394 799 dolentes
425 769 477 798 ac
509 756 741 798 vindicare
773 756 1104 797 contendentes
1135 755 1351 796 iniuriam
1383 756 1558 797 domini
1588 756 1672 797 sui.

183 816 280 858 Nec
326 815 463 857 veriti
504 815 667 857 ianuas
711 815 836 857 ferro
882 814 1098 865 incidere,
1152 827 1256 856 cum
1303 814 1441 855 armis
1479 814 1674 869 ingressi

184 877 292 916 sunt
332 887 507 916 sacram
547 874 720 916 aedem.
788 873 1128 915 2Than0marus
1168 875 1323 915 autem
1355 873 1510 914 stabat
1544 874 1674 914 iuxta

184 933 343 984 altare,
377 933 597 988 depositis
629 933 825 987 desuper
855 932 992 974 armis
1025 946 1128 974 cum
1153 933 1316 986 torque
1338 945 1490 974 aurea.
1544 931 1675 974 Oum-

125 1005 160 1030 ιο
184 1006 272 1047 que
318 1006 373 1034 ex
419 992 609 1034 adverso
648 991 756 1033 telis
795 994 1050 1046 urgeretur,
1092 987 1426 1033 'Phiatboldusb
1473 991 1672 1046 quidam,

184 1054 348 1092 notus⁰
387 1050 630 1100 Cobbonis,
674 1064 778 1092 cum
810 1050 1026 1092 conviciis
1060 1050 1224 1091 vulnus
1257 1051 1299 1092 ei
1328 1050 1511 1100 inflixit,
1552 1050 1675 1092 ilico

185 1124 273 1164 que
314 1109 371 1151 ab
413 1123 466 1151 eo
505 1109 694 1164 recepit,
741 1123 831 1163 quo
871 1109 968 1150 vita
1008 1123 1112 1151 cum
1157 1109 1356 1151 terribili
1400 1109 1580 1150 insania
1626 1109 1676 1149 in

185 1169 313 1211 brevi
343 1168 578 1210 caruisset.
642 1167 839 1218 Quidam
871 1170 1025 1209 autem
1057 1168 1258 1209 militum
1290 1165 1518 1209 Mainciad
1548 1182 1674 1209 voca—

185 1227 295 1269 bulo
326 1240 408 1281 per
437 1226 688 1268 fenestram
720 1226 855 1267 altari
889 1227 1152 1281 contiguam
1185 1226 1344 1268 lancea
1377 1241 1404 1268 a
1426 1229 1559 1281 tergo
1580 1240 1676 1281 per-

126 1297 160 1323 15
183 1286 356 1327 fossum
393 1285 460 1327 ibi
499 1298 629 1327 secus
669 1299 794 1326 aram
836 1285 1033 1327 extinxit
1072 1285 1455 1327 Thancmarume·
1470 1286 1497 1325 2.
1569 1285 1675 1340 Ipse
1690 1301 1762 1332 (m
1777 1301 1834 1333 ιε).

184 1347 339 1387 autem
370 1344 602 1386 fraternae
633 1339 818 1385 fautorf
854 1343 1109 1386 discordiae
1140 1344 1189 1385 in
1220 1344 1484 1386 Biertanico
1516 1346 1676 1412 postea

184 1403 307 1446 bello
337 1403 478 1445 vitam
514 1416 617 1444 cum
649 1417 760 1445 auro
795 1403 852 1444 ab
895 1403 1031 1444 altari
1071 1403 1283 1458 nequiter
1322 1406 1454 1458 rapto
1495 1403 1675 1445 misera-

183 1462 340 1504 biliter
371 1461 617 1517 perdidit3.
680 1461 848 1503 Earum
882 1475 1033 1504 rerum
1076 1475 1155 1504 rex
1194 1462 1382 1517 ignarus
1424 1465 1470 1504 et
1511 1462 1676 1504 absens

186 1534 289 1562 cum
341 1521 557 1571 audisset,
610 1534 747 1602 super
796 1521 1059 1563 temeritate
1110 1521 1312 1563 militum
1365 1522 1673 1576 dedignatusg

126 1592 161 1617 20
186 1582 268 1630 est,
317 1580 396 1622 sed
435 1575 681 1622 ferventeh
726 1580 877 1621 adhuc
917 1579 1040 1622 bello
1088 1580 1213 1622 civili
1258 1594 1352 1622 non
1398 1581 1552 1635 potuit
1600 1594 1675 1621 eos

187 1639 461 1681 contristari.
532 1639 778 1681 Miseratus
825 1641 980 1681 autem
1025 1639 1184 1680 fratris
1229 1639 1466 1681 fortunam
1513 1639 1673 1692 suique

185 1698 361 1752 ingenii
401 1698 646 1740 ostendens
687 1698 992 1749 clementiam,
1034 1712 1116 1752 pro
1157 1698 1296 1740 laude
1335 1699 1431 1740 eius
1464 1712 1516 1739 ac
1547 1698 1676 1739 indu-

186 1758 299 1798 stria
329 1770 476 1812 pauca
502 1756 684 1798 locutus
696 1757 726 1807 4,
759 1753 1078 1799 Thiadricumi
1114 1760 1161 1799 et
1192 1759 1287 1799 tres
1318 1753 1524 1799 amitaek
1549 1756 1675 1798 illius

185 1815 317 1866 filios,
350 1816 430 1870 qui
450 1815 734 1857 Thancmaro
755 1829 917 1857 manus
944 1812 1236 1862 iunxerantl,
1270 1816 1371 1870 lege
1394 1816 1675 1857 Francorum

126 1886 162 1912 25
186 1875 459 1929 dampnatos
500 1874 781 1929 strangulom
818 1875 932 1916 fecit
964 1875 1171 1917 deficere.
1234 1875 1350 1916 Inde
1381 1875 1522 1917 vertit
1562 1874 1676 1915 mili—

186 2047 216 2080 a)
234 2049 318 2074 Tunc
338 2049 408 2077 aad.
428 2049 460 2074 C.
483 2062 519 2067 —
543 2048 690 2073 Tancmar
691 2055 726 2073 us
743 2048 770 2073 A
789 2048 816 2075 h.
836 2048 854 2074 l.
944 2048 1015 2078 b)s·
1025 2048 1084 2072 cB
1095 2049 1119 2075 1.
1138 2048 1169 2080 2;
1195 2048 1384 2079 theobaldus,
1408 2048 1466 2072 sic
1453 2055 1515 2072 cum
1534 2048 1605 2072 Rein
1588 2054 1651 2072 neec
1653 2048 1680 2072 ιό

182 2091 214 2115 Ρ.
228 2084 271 2111 19.
287 2086 359 2108 recte
373 2085 450 2115 leyer
434 2090 464 2108 re
479 2091 516 2108 mn
509 2084 550 2108 sih
565 2083 684 2107 videbar
683 2083 736 2115 ‚A
752 2084 826 2113 (non
838 2083 894 2108 Thi
895 2083 1017 2108 aboldus
1020 2055 1115 2116 ,σείσειε
1132 2083 1222 2107 naitz
1239 2066 1419 2114 annotavi'tss
1434 2081 1623 2108 thiadboldus
1640 2083 1679 2113 C,-

188 2118 233 2143 thi
235 2119 291 2144 ado
293 2119 351 2144 lfus
376 2119 465 2146 Saxo
569 2118 596 2150 c)
623 2119 664 2143 sic
688 2119 725 2146 A.
751 2119 815 2145 Bi.
841 2118 866 2145 2.
892 2118 971 2142 Saxo
978 2127 989 2149 ,·
1016 2118 1124 2143 nothus
1150 2119 1180 2145 C.
1266 2119 1311 2178 rd)
1338 2118 1454 2143 mancia
1479 2118 1518 2148 C;
1540 2118 1659 2150 maginz
1661 2125 1678 2143 o

189 2154 242 2178 Tln
238 2155 338 2179 'retma
339 2163 366 2185 .,·
385 2154 500 2180 meinzo
520 2154 609 2181 Saxo.
687 2153 715 2186 e)
735 2154 941 2185 thangmarum
960 2154 994 2180 A.
1073 2154 1096 2184 s)
1114 2154 1214 2179 fautor
1293 2161 1309 2180 ·.
1422 2154 1513 2180 r.B1
1588 2153 1651 2185 ωε
1653 2154 1678 2178 ic

129 2186 162 2212 30
187 2189 222 2216 A.
235 2189 262 2214 B
272 2191 297 2216 1.
314 2189 345 2216 C.
363 2190 461 2220 Sazo;
479 2188 653 2221 indignatus
666 2189 718 2214 132
738 2196 752 2214 e
767 2189 930 2213 coniectura
943 2189 1049 2220 procul
1063 2189 1159 2214 dubio.
1230 2189 1260 2219 h)
1266 2156 1418 2215 fei-uelutio
1420 2189 1447 2213 Β
1457 2191 1484 2214 1.
1550 2188 1571 2221 i)
1586 2190 1626 2213 sic
1639 2189 1677 2219 C;

188 2225 390 2250 theodericum
409 2226 436 2250 A
442 2233 454 2255 ,·
473 2224 669 2250 thiedericum
686 2224 756 2257 1313
777 2223 987 2250 Thiadericum
1007 2224 1067 2251 132.
1087 2224 1177 2250 Saxo.
1241 2224 1272 2256 k)
1291 2225 1387 2250 amice
1406 2224 1468 2249 Bi.
1532 2223 1554 2256 l)
1572 2225 1677 2249 uinxe-

186 2263 255 2286 rant
272 2260 335 2288 132.
406 2260 447 2293 m)
465 2260 619 2292 strangulas
637 2260 700 2286 132.

190 2412 224 2459 1)
259 2414 420 2447 Ecclesia
452 2414 640 2457 aedificata
673 2418 723 2447 est
756 2424 789 2448 a.
816 2414 885 2449 785
918 2414 1011 2457 (vide
1035 2413 1132 2447 Arm.
1158 2413 1481 2447 Laureshamenses
1508 2413 1556 2446 ad
1583 2412 1678 2446 hunc

187 2472 336 2504 annum,
362 2461 426 2495 SS.
447 2461 479 2503 Ι,
501 2472 539 2504 p.
558 2463 624 2505 323
650 2459 733 2504 Rey.
755 2461 847 2504 Imp.
871 2461 903 2503 I,
928 2471 987 2496 nr.
1013 2462 1082 2496 259
1095 2461 1146 2498 d).
1188 2460 1337 2494 Leonem
1361 2471 1438 2494 eam
1461 2470 1678 2494 consecrasse

130 2514 163 2540 35
188 2518 287 2542 nemo
315 2511 458 2551 praeter
488 2508 580 2542 Wid.
606 2508 730 2542 tradit.
785 2508 924 2541 Tabula
952 2518 1082 2552 papae,
1114 2518 1203 2551 quae
1236 2518 1269 2542 a.
1297 2509 1376 2543 799.
1408 2508 1448 2540 in
1481 2508 1562 2551 ipsa
1590 2507 1676 2541 urbe

189 2554 395 2598 Heresbury
435 2555 476 2587 de
517 2555 634 2588 eadem
680 2565 720 2588 re
759 2555 846 2588 data
886 2555 1031 2597 dicitur,
1071 2554 1204 2597 F5nke,
1252 2555 1333 2588 ‘Die
1372 2554 1672 2599 Papeturkunden

196 2600 421 2644 Westfalens'
445 2602 478 2645 Ι,
505 2612 544 2644 p.
570 2602 593 2636 2
620 2618 661 2629 =
689 2601 800 2644 Jaffd,
826 2602 910 2644 Req.
934 2604 1035 2646 pont.
1060 2602 1110 2637 ed.
1136 2603 1169 2637 2.
1196 2602 1227 2645 Ι,
1251 2613 1309 2637 nr.
1331 2603 1437 2644 2502,
1463 2605 1514 2635 est
1536 2602 1677 2644 spuria.

191 2649 247 2691 Cf.
273 2648 456 2691 Scheffer-
466 2648 669 2691 Boichorst,
691 2648 822 2683 ‘Mitth
845 2650 880 2682 d.
905 2653 1047 2685 oesterr.
1072 2649 1186 2691 Inst.,⁷
1211 2649 1237 2682 Ι
1242 2649 1282 2684 V
1308 2647 1676 2691 ‘Erqanzunqsband'

130 2749 166 2774 4ο
185 2697 373 2776 {ciiiixigg
379 2745 415 2777 et
421 2694 1678 2795 ΝὲῗιιιιίωεξῖιῖεῖθξαέῖαιξῗὲζῗὲἒεΓιέῗωὲΐιξιὲῃὲῗιῖεείιὲῗιῗὲυέἓὲἒέ

190 2788 389 2833 imperator
412 2789 450 2823 in
479 2789 627 2824 castello
662 2789 759 2833 quod
792 2788 926 2823 dicitur
949 2788 1164 2834 Heresburg
1198 2788 1358 2823 construi
1391 2789 1504 2832 iussit,
1539 2801 1573 2824 a.
1595 2790 1676 2825 826.

191 2838 399 2871 monasterio
414 2837 614 2871 Corbeiensi
626 2838 847 2876 concesserit:
870 2837 1056 2878 Wilmans,
1069 2837 1149 2869 ‘Die
1162 2836 1488 2870 Kaiserurleunden
1501 2836 1631 2879 Westf!
1643 2836 1676 2879 Ι,

186 2893 225 2926 p.
242 2884 300 2918 26.
395 2883 434 2928 2)
466 2884 521 2926 Cf.
547 2886 642 2919 Ann.
670 2884 770 2919 Corb.
797 2894 831 2917 a.
848 2885 930 2926 938,
956 2884 1020 2917 SS.
1041 2861 1116 2925 ΙΙΙ,
1138 2894 1178 2926 Ρ.
1196 2885 1239 2919 4:
1265 2882 1514 2918 Thancmarus
1539 2883 1677 2917 occisus

192 2931 256 2963 est.
297 2930 400 2963 Diem
421 2931 535 2964 tradit
556 2930 690 2966 Neorol.
714 2931 875 2973 Merseb„
903 2931 960 2965 ¹N.
982 2930 1115 2964 Mitthl
1134 2930 1204 2973 XI,
1221 2942 1261 2974 p.
1279 2932 1360 2966 238.
1434 2932 1470 2974 3)
1502 2931 1555 2973 Cf.
1574 2932 1678 2973 infra

131 2983 167 3008 45
189 2988 224 3021 p.
250 2978 307 3018 71,
333 2976 354 3012 Ζ.
378 2978 465 3020 389.
561 2979 598 3021 4)
624 2978 758 3021 Veryil.
783 2979 874 3014 Aen.
899 2978 968 3020 IV,
993 2989 1023 3011 v.
1045 2979 1133 3013 337:
1158 2976 1230 3011 Pro
1255 2988 1295 3012 re
1320 2988 1437 3022 pauca
1461 2978 1599 3021 loquar.

264 3046 437 3073 widukind.
1372 3050 1394 3084 5
