2034 3380
789 318 1096 357 PRAEFATIO.
1587 318 1688 354 XIII

197 457 378 486 rumore
419 445 576 485 fictum
614 445 761 495 postea
800 439 966 494 quidem
1007 440 1164 494 respuit
1178 441 1204 493 ¹,
1252 441 1323 482 vix
1366 446 1504 484 tainen
1549 440 1689 483 maior

198 503 304 554 fides
339 502 408 544 iis
428 503 573 544 (landa
603 504 674 552 est,
715 513 823 553 quae
863 500 912 541 de
952 499 1045 541 dolo
1085 500 1287 541 adversus
1328 500 1584 543 Heinricum
1623 513 1687 542 ex-

198 561 375 616 coyitato
405 563 594 603 enarrat.
645 559 742 601 Hoc
772 559 858 601 loco
889 572 939 601 ac
969 558 1167 612 saepius²
1196 558 1409 600 vocabulis
1439 562 1494 601 ut
1514 560 1685 609 ferunt,

197 620 357 669 fertur,
389 619 590 662 traditam·
621 618 908 671 similibusque
937 631 1127 660 sermone
1158 616 1319 659 tradita
1349 617 1544 660 indicare
1579 617 1687 659 vide-

155 695 172 720 5
196 682 292 731 tur,·
321 677 544 720 mimorum
575 677 772 720 carmina
803 681 842 719 et
870 676 958 730 ipse
994 676 1174 729 affert&
1213 689 1344 729 neque
1383 690 1533 718 errare
1569 676 1688 718 nobis

195 738 398 790 videmur,
431 736 470 779 si
492 750 775 790 permaynam
807 735 907 778 libri
930 735 1067 789 primi
1100 740 1280 789 partem,
1322 750 1523 789 magnam
1563 734 1686 777 etiam

188 800 451 850 posterorum
491 796 695 838 librorum
735 797 793 837 ad
831 795 933 837 haec
973 796 1251 837 revocandam
1291 809 1376 836 esse
1417 794 1644 837 statuimus
1656 795 1684 836 4.

201 857 290 910 Quo
321 857 383 909 fit,
414 859 463 897 ut
491 855 609 909 epiea
640 856 826 908 quadam
858 854 1023 897 ratione
1046 855 1238 897 Santones
1260 854 1458 896 laudibus
1477 853 1689 906 fervidius

125 963 127 965 ,
196 916 408 958 celebrans
439 914 660 969 leyentium
693 914 859 956 animos
883 913 1171 957 Widukindus
1200 913 1480 967 sinqulariter
1510 913 1685 955 oblectet.

137 990 171 1015 ιο
337 973 503 1016 Primis
535 973 739 1016 Heinrici
770 973 890 1016 ducis
921 972 1051 1015 annis
1090 972 1179 1027 ipse
1218 973 1407 1015 nondum
1447 976 1574 1014 natus
1614 976 1690 1014 aut

195 1038 301 1076 certe
333 1047 443 1087 puer
471 1033 558 1085 fuit
579 1033 790 1086 parvulae
820 1032 972 1075 aetatis
981 1047 998 1086 ;
1036 1045 1315 1086 quaecumque
1348 1036 1493 1085 postea
1530 1033 1579 1074 de
1619 1031 1688 1073 his

194 1092 374 1146 scripsit,
407 1106 596 1134 sermone
627 1091 842 1134 hominum
873 1091 1034 1134 tradita
1065 1090 1235 1144 accepit.
1309 1092 1425 1133 Nam
1457 1090 1609 1133 litteris
1639 1090 1687 1132 in

195 1151 264 1193 his
293 1152 416 1193 rebus
446 1151 683 1193 narrandis
713 1165 756 1193 se
787 1165 907 1192 usum
940 1165 1026 1192 esse
1056 1164 1265 1204 nusquam
1295 1149 1526 1203 indicavit;
1557 1163 1687 1203 neque

195 1210 307 1252 enim
338 1224 389 1252 ex
420 1210 651 1252 annalibus
682 1223 785 1263 opus
816 1210 1058 1262 confectum,
1094 1211 1170 1252 sed
1197 1223 1249 1251 esc
1279 1223 1420 1251 rerum
1453 1208 1687 1263 coynitione

127 1283 170 1310 21⁶
194 1269 368 1312 aliunde
398 1269 565 1322 hausta,
597 1283 797 1323 maynam
820 1273 989 1322 partem
1020 1283 1071 1310 ea:
1100 1269 1304 1311 memoria
1318 1269 1334 1294 5
1364 1267 1565 1322 scriptum
1601 1282 1687 1310 esse

193 1328 323 1382 fac-ile
354 1333 414 1371 est
442 1328 664 1370 intellectu.
728 1328 960 1370 Postremis
990 1327 1194 1370 Heinrici
1225 1327 1356 1370 annis
1386 1331 1425 1370 et
1457 1327 1687 1381 praecipue

200 1387 363 1431 Ottonis
393 1387 644 1441 temporibus
674 1401 754 1441 res,
786 1401 893 1441 quas
921 1391 1090 1440 narrat,
1123 1387 1222 1429 bene
1253 1391 1484 1440 compertas
1513 1387 1687 1439 habuit;

194 1447 343 1490 horum
358 1447 444 1499 fuit
459 1446 661 1501 aequalis,
684 1446 826 1501 reyiae
847 1446 990 1489 domui
1010 1450 1048 1488 et
1066 1446 1156 1500 ipse
1177 1446 1423 1489 coniunctus
1434 1447 1462 1487 ⁶.
1500 1447 1686 1488 Errores

194 1506 321 1549 etiam
360 1507 440 1549 hac
477 1510 603 1560 parte
643 1506 872 1558 commisit;
917 1506 1125 1548 nonnulla
1171 1505 1315 1548 leviter
1359 1505 1505 1560 tetiyit,
1554 1507 1686 1548 iri-ulta

135 1580 170 1606 ιο
187 1565 480 1619 praetermisit
493 1566 518 1605 ⁷.
582 1565 668 1608 Res
706 1565 888 1616 Galliae,
920 1565 1218 1619 BuryumIiae,
1261 1565 1432 1618 Italiae,
1475 1565 1687 1619 Byzantii

113 1653 115 1655 -
187 1639 347 1678 parum
377 1625 441 1667 vel
462 1624 608 1679 potius
638 1624 810 1667 omnino
840 1639 927 1667 non
957 1625 1147 1679 coynitas
1177 1624 1325 1667 habuit
1336 1625 1364 1677 3,
1397 1625 1471 1667 sed
1499 1638 1606 1678 quae
1637 1624 1685 1666 in

201 1683 438 1727 Germania
468 1688 506 1726 et
534 1683 584 1726 in
614 1683 711 1737 ipsa
743 1684 936 1727 Saaonia
969 1688 1087 1738 qesta
1126 1683 1224 1736 sint,
1267 1683 1421 1726 rectius
1455 1683 1682 1738 perspexit,

194 1747 233 1785 et
262 1744 364 1788 haec
395 1743 434 1785 ei
465 1744 630 1786 credere
660 1743 734 1795 fas
763 1747 834 1786 est.
903 1744 1020 1797 Quae
1050 1743 1213 1786 incerta
1243 1743 1329 1796 ipsi
1368 1742 1620 1786 videbantur
1650 1747 1688 1785 et

193 1802 282 1855 ipse
320 1802 529 1845 indicavit
540 1803 568 1855 9,
616 1817 668 1845 ne
714 1802 935 1845 miraculis
981 1803 1146 1856 quidem
1191 1816 1350 1856 semper
1395 1803 1523 1855 fidem
1567 1801 1687 1844 adhi-

134 1941 168 1967 25
197 1930 230 1975 1)
263 1931 294 1971 I,
319 1932 377 1973 22,
406 1942 444 1975 p.
472 1932 530 1972 30,
555 1932 577 1966 l.
607 1933 661 1968 17.
773 1932 811 1974 2)
847 1931 878 1974 I,
903 1932 937 1966 4.
965 1933 996 1966 7.
1031 1932 1088 1966 22.
1125 1931 1179 1972 II,
1203 1932 1261 1966 23.
1375 1932 1412 1972 3)
1444 1931 1475 1974 I,
1503 1932 1559 1965 23.
1611 1930 1688 1964 Hoc

194 1979 266 2011 loco
291 1979 416 2020 adicio,
442 1979 481 2011 id
505 1979 598 2022 quod
621 1989 674 2012 me
698 1979 856 2022 fuyerat,
884 1978 1066 2022 epistolam
1083 1978 1288 2011 Ermenrici
1304 1978 1552 2021 Elwanyensis
1572 1989 1610 2022 p.
1627 1980 1685 2020 31,

195 2036 228 2059 n.
262 2026 297 2059 4.
337 2025 506 2067 allatam,
549 2036 620 2069 qua
661 2027 761 2058 mimi
798 2026 979 2069 dicuntur,
1026 2036 1142 2068 nuper
1181 2027 1221 2058 in
1262 2025 1499 2058 Mmzumentis
1543 2027 1688 2068 nostris,

195 2072 311 2115 Epist.
341 2072 380 2110 V,
412 2083 452 2115 p.
486 2073 556 2108 534
579 2083 665 2116 sqq„
701 2082 771 2106 esse
804 2073 958 2114 editam;
994 2073 1051 2105 ille
1085 2073 1180 2105 locus
1215 2073 1345 2115 leyitur
1378 2084 1414 2116 p.
1451 2073 1535 2114 557,
1571 2073 1594 2107 l.
1630 2074 1686 2107 23.

194 2119 232 2162 4)
259 2119 315 2161 Cf,
341 2119 482 2163 Koeyel,
510 2119 646 2154 ‘Gesch.
671 2120 736 2153 der
759 2120 943 2153 deutschen
968 2118 1186 2153 Litteratur'
1208 2120 1239 2161 Ι,
1265 2122 1298 2161 2,
1326 2131 1362 2164 p.
1389 2121 1588 2155 231—240.
1635 2120 1689 2153 Iis

135 2177 170 2203 30
193 2177 338 2210 quoque,
363 2177 453 2210 quae
476 2168 518 2201 de
542 2167 638 2201 bellis
662 2177 742 2201 cum
764 2167 938 2210 Unyariis
959 2168 1067 2211 ‚qestis
1091 2170 1235 2210 narrat,
1263 2167 1398 2201 subesse
1421 2167 1586 2201 carmina
1610 2167 1687 2201 vul-

192 2215 304 2257 9aria
337 2215 448 2248 voluit
479 2214 514 2250 0.
541 2214 742 2255 Bruclcner,
768 2215 927 2249 ‘Studien
955 2225 1026 2247 zur
1053 2214 1172 2250 Gesch.
1198 2215 1262 2248 der
1285 2214 1509 2249 sachsischen
1533 2213 1684 2249 Kaiser’

192 2262 361 2303 (Dissert.
380 2261 493 2297 Basil.
513 2263 622 2301 1889)
641 2273 680 2305 p.
700 2263 826 2298 7—17.
925 2261 962 2307 5)
990 2262 1045 2304 Cf.
1063 2262 1184 2295 Raase
1205 2274 1241 2306 p.
1258 2263 1315 2297 32.
1414 2263 1449 2305 6)
1471 2261 1689 2295 Testimonia

193 2309 366 2353 quaedam
390 2309 523 2353 collegit
547 2309 859 2353 Maurmbmcher,
883 2310 936 2343 De
960 2309 1143 2343 historicis
1165 2310 1290 2343 decimi
1316 2310 1427 2344 seculi
1453 2309 1687 2353 scriptoribus

189 2368 227 2401 p.
253 2357 312 2399 34,
346 2367 380 2391 u.
409 2359 464 2392 14.
586 2356 621 2402 7)
650 2357 806 2391 Ottonem
830 2357 861 2392 I.
891 2358 1140 2401 imperatorem
1165 2357 1297 2391 Romae
1321 2361 1527 2391 coronatum
1550 2367 1622 2391 esse
1644 2367 1688 2390 ne

135 2413 170 2440 35
194 2404 295 2438 verbo
319 2404 458 2448 quidem
482 2409 664 2447 memorat,
689 2404 748 2439 sed
772 2406 889 2449 ipsum
906 2415 1039 2439 necnon
1055 2404 1266 2438 Heinricum
1284 2415 1399 2448 reyem
1421 2407 1502 2449 post
1519 2405 1689 2438 victorias

193 2451 234 2484 de
271 2451 427 2485 hostibus
461 2455 665 2496 reportatas
700 2453 932 2496 imperatores
968 2463 1038 2486 esse
1071 2452 1247 2486 salutatos
1280 2455 1433 2486 veterum
1469 2453 1688 2496 scriptorum

194 2498 334 2532 dicendi
357 2508 488 2532 morem
513 2501 676 2533 imitatus
699 2500 813 2533 tradit
822 2511 838 2542 ,·
871 2510 979 2544 neque
1004 2499 1037 2543 I,
1065 2501 1120 2542 15,
1154 2501 1324 2543 quomodo
1348 2499 1512 2533 Kar-olus
1536 2510 1580 2534 επ
1607 2509 1688 2543 reye

195 2547 392 2588 imperator
424 2547 542 2588 factus
573 2549 632 2590 sit,
665 2548 809 2582 indicat.
870 2547 994 2591 Papae
1027 2547 1187 2581 Romani
1217 2549 1277 2581 sui
1308 2549 1477 2590 temporis
1509 2557 1581 2580 uno
1614 2547 1688 2581 loco

195 2593 269 2635 III,
299 2595 353 2628 76.
388 2595 593 2628 mentionem
628 2596 710 2637 fecit
743 2594 835 2638 (HJ,
861 2597 916 2630 70.
951 2597 990 2628 in
1027 2595 1176 2639 epistola
1212 2595 1377 2638 Ottonis),
1416 2595 1476 2628 sed
1510 2605 1686 2627 summum

134 2651 170 2676 40
189 2641 391 2684 pontificem
415 2642 501 2675 dicit
528 2642 827 2686 archiepiscopum
853 2643 1113 2685 Moyuntinum.
1163 2642 1402 2686 Episcopatus
1435 2643 1475 2675 in
1499 2642 1688 2675 Slavorum

194 2689 302 2722 terris
326 2688 483 2722 conditos
502 2689 611 2732 plane
635 2690 764 2732 omisit,
792 2690 1127 2733 Maydeburyensem
1152 2690 1290 2733 quidem
1316 2690 1433 2723 leviter
1457 2690 1590 2732 tetiyit:
1614 2698 1685 2722 non

195 2739 269 2768 tam
293 2746 346 2779 ea,
372 2747 460 2779 quae
485 2736 533 2769 ad
555 2747 665 2770 sacra
684 2738 876 2780 pertinent,
902 2748 1010 2780 quam
1035 2739 1180 2771 virtutes
1204 2737 1357 2779 bellicas,
1382 2737 1510 2780 quibus
1528 2737 1688 2770 Saxones

190 2793 283 2826 prae
308 2785 430 2816 ceteris
453 2785 630 2827 florerent,
656 2784 850 2818 describere
878 2785 1003 2820 studet.
1100 2784 1136 2829 8)
1165 2785 1219 2827 Cf.
1245 2785 1277 2826 I,
1302 2786 1359 2820 29.
1385 2786 1442 2819 30.
1468 2784 1520 2827 II,
1546 2786 1603 2820 35.
1629 2785 1686 2819 39.

197 2829 269 2872 ΙΙΙ,
294 2831 327 2865 3.
348 2832 381 2866 7.
408 2832 463 2866 63.
487 2833 636 2867 71—73.
688 2831 742 2874 Cf.
769 2832 821 2867 JV.
844 2832 888 2866 A.
911 2831 1071 2875 Fischer,
1100 2833 1192 2865 ‘Das
1213 2832 1419 2865 Verhc‘tltnis
1445 2831 1542 2865 Ottos
1566 2832 1600 2865 d.
1620 2831 1685 2866 Gr.

137 2885 173 2910 45
197 2885 244 2908 zu
267 2879 395 2910 seinem
420 2877 534 2912 Sohne
550 2879 708 2921 Liudolf
725 2890 760 2914 u.
785 2890 831 2912 zu
855 2881 970 2913 seiner
989 2879 1178 2913 Gemahlin
1198 2879 1380 2912 Adelheid’
1400 2879 1559 2922 (Innsbr.
1580 2880 1687 2922 1903)

192 2933 232 2966 p.
260 2925 302 2958 17
315 2934 386 2968 sqq.
483 2926 519 2971 9)
546 2926 606 2959 Ita
623 2927 656 2969 Ι,
673 2929 742 2962 25:
760 2930 800 2960 ut
818 2926 964 2971 quidam
982 2925 1151 2970 tradunt3
1170 2927 1201 2970 J,
1221 2928 1286 2962 36:
1304 2925 1406 2960 fuere
1425 2926 1484 2970 qui
1503 2925 1685 2969 dicereniz3

198 2970 250 3012 ΙΙ,
269 2972 310 3005 3:
328 2974 370 3004 ut
386 2971 527 3017 ferunt3
551 2973 604 3017 II,
625 2975 689 3012 16:
707 2973 839 3008 Fertur
856 2973 988 3017 etiam3
1013 2974 1067 3017 ΙΙ,
1089 2976 1150 3009 17:
1171 2973 1279 3008 fuisse
1295 2973 1529 3018 perhibetur3
1547 2974 1600 3016 ΙΙ,
1621 2975 1686 3009 25:
