2034 3380
404 334 589 370 RERUM
614 331 896 371 GESTARUM
919 329 1295 366 SAXONICARUM
1319 328 1417 365 LIB.
1442 327 1474 364 I.
1640 328 1688 363 45

200 456 462 498 moestitia²
497 456 669 511 pariter
699 457 837 508 atque
868 452 1061 501 laetitia,
1104 451 1206 492 aliis
1238 451 1411 493 bellum
1442 449 1688 492 formidan-
1703 451 1783 487 929.

200 515 338 566 tibus,
368 515 470 557 aliis
492 517 647 556 autem
668 510 1059 556 desiderantibus;
1093 512 1140 552 et
1161 523 1243 564 pro
1265 509 1490 563 qualitate
1512 522 1689 549 morum

200 574 322 616 inter
343 587 468 629 spem
490 575 753 626 metumque
767 571 782 596 1
801 564 1130 613 versabanturb
1158 567 1452 610 bellatores0.
1502 567 1690 609 Interea

202 633 298 675 dies
319 632 499 682 transit,
533 633 580 674 et
601 644 692 672 nox
712 630 849 672 solito
869 627 1156 671 tenebrosior
1177 641 1282 669 cum
1302 626 1484 680 ingenti
1504 625 1662 680 pluvia
1675 626 1691 650 2

159 708 176 733 5
201 692 332 734 adest
371 692 491 732 nutu
528 690 696 740 divino,
739 688 956 743 quatinus
998 686 1239 729 consilium
1280 686 1528 741 pessimum
1567 684 1690 738 inpe-

202 746 405 792 ditetur‘1
441 749 752 791 barbarorum.
821 747 886 789 Ut
927 760 1035 801 ergo
1075 746 1249 787 iussum
1290 746 1372 795 est,
1413 745 1516 785 tota
1554 744 1691 784 nocte

199 808 284 850 illa
314 808 480 850 armati
511 810 643 850 erant
665 807 877 856 Saxones,
911 808 959 848 et
988 805 1136 860 primo
1167 803 1372 846 diluculo
1395 803 1504 844 dato
1526 802 1684 856 signo⁶
1703 816 1793 849 (sepe.
1802 816 1845 848 4).

201 869 576 922 sacramentoque
607 861 842 921 acceptos,
876 865 1075 920 primum
1111 863 1317 913 ducibus,
1359 862 1526 904 deinde
1557 874 1691 902 unus-

201 927 390 981 quisque
422 926 558 969 alteri
597 939 781 981 operam
814 938 943 966 suam
975 923 1059 965 sub
1090 923 1349 964 iuramento
1389 919 1692 975 promittebat

143 1001 177 1026 ιο
202 986 261 1027 ad
307 998 492 1040 presens
538 984 712 1027 bellum
725 984 755 1023 3.
833 982 947 1025 Orto
993 984 1147 1024 autem
1195 980 1321 1023 sole4
1351 1002 1408 1008 —
1439 994 1547 1021 nam
1587 981 1692 1034 post

203 1044 404 1099 pluviam
437 1044 561 1086 clara
590 1044 741 1086 reditg
776 1042 996 1084 serenitas
1021 1064 1092 1092 —,
1126 1040 1290 1082 erectis
1318 1039 1460 1094 signis
1481 1038 1692 1093 procede-

202 1103 317 1145 bant
348 1098 555 1145 castrish.
617 1102 676 1143 In
712 1102 860 1157 prima
891 1101 1076 1155 quidem
1106 1099 1262 1141 fronte
1293 1098 1476 1153 legatus
1514 1098 1564 1138 in
1596 1097 1692 1139 bar-

203 1162 336 1204 baros
365 1162 574 1216 inpetum
606 1161 795 1210 faciens,
837 1161 917 1202 sed
950 1173 1053 1201 cum
1094 1159 1231 1213 pauci
1270 1171 1364 1199 non
1402 1156 1693 1212 prevalerent

202 1221 418 1262 adversus
452 1219 824 1269 innumerabiles,
866 1231 1074 1260 reversus
1115 1219 1185 1259 est
1232 1217 1291 1258 ad
1331 1216 1582 1258 exercitum
1627 1228 1692 1256 re-

144 1293 177 1319 ιε
201 1279 366 1329 ferens,
397 1279 504 1333 quia
534 1279 719 1320 barbari
749 1291 842 1319 non
873 1277 1029 1331 plures
1059 1276 1285 1318 haberent
1316 1269 1516 1329 equitesi
1530 1307 1539 1324 ,
1572 1273 1692 1328 pedi-

200 1341 303 1380 tum
352 1351 460 1380 vero
520 1336 903 1379 innumerabilem
963 1334 1312 1376 multitudinem
1368 1335 1415 1375 et
1466 1335 1694 1374 nocturna

202 1397 359 1453 pluvia
388 1397 439 1438 in
468 1399 654 1439 tantum
683 1396 954 1451 inpeditam,
986 1396 1040 1436 ut
1070 1389 1175 1435 vixk
1200 1393 1258 1435 ab
1291 1392 1524 1447 equitibus
1545 1391 1694 1433 coacti

202 1456 261 1498 ad
291 1469 494 1511 pugnam
525 1456 838 1510 procederent.
895 1454 1049 1508 Igitur
1069 1452 1165 1495 sole
1198 1452 1391 1494 cadente
1421 1452 1471 1492 in
1502 1450 1694 1492 humida

202 1516 478 1557 vestimenta
507 1514 818 1565 barbarorum,
850 1514 1033 1555 fumum
1054 1512 1299 1554 ascendere
1329 1511 1444 1553 fecit
1468 1523 1613 1564 usque
1644 1509 1693 1550 in

144 1588 178 1613 20
203 1574 394 1624 caelum,
438 1587 565 1628 spem
596 1573 902 1627 fiduciamque
933 1573 1142 1627 prestans
1184 1566 1295 1612 Dei¹
1336 1569 1522 1624 populo,
1563 1568 1693 1610 cuius

202 1633 340 1675 faciei
372 1633 557 1674 claritas
590 1635 728 1686 atque
760 1631 981 1674 serenitas
1013 1629 1321 1672 circumfulsit
1340 1628 1446 1670 illos
1460 1627 1488 1670 5.
1542 1627 1695 1682 Igitur

204 1693 314 1734 dato
346 1692 475 1746 signo
517 1694 564 1734 et
601 1692 876 1734 exhortante
911 1690 1115 1745 legiones
1155 1688 1310 1743 legato
1351 1701 1453 1730 cum
1496 1686 1694 1728 clamore

202 1751 356 1792 valido
387 1751 570 1791 irruunt
600 1750 649 1791 in
680 1751 849 1792 hostes.
912 1748 1118 1802 Cumque
1153 1747 1296 1788 nimia
1336 1746 1566 1788 densitate
1604 1745 1694 1786 iter

203 1809 555 1865 pertranseundi
604 1810 759 1851 hostes
810 1822 904 1850 non
954 1809 1148 1862 pateret,
1202 1807 1398 1848 dextram
1444 1803 1695 1858 laevaque6

144 1881 179 1907 25
203 1869 327 1911 ferro
374 1870 678 1923 erumpentes,
731 1880 1040 1922 quoscumque
1088 1879 1115 1907 a
1160 1865 1294 1907 sociis
1346 1863 1692 1910 secernebant¹¹‚

204 1928 307 1970 neci
357 1927 531 1969 dabant
546 1927 572 1967 ⁷.
644 1926 878 1981 Cumque⁰
923 1926 1015 1967 iam
1062 1924 1236 1966 bellum
1283 1924 1604 1978 gravareturm,
1647 1923 1695 1963 et

205 1986 342 2027 multi
362 1987 470 2028 hinc
493 1988 631 2040 atque
652 1986 760 2027 inde
783 1985 1002 2027 caderent
1014 1984 1042 2034 8,
1066 1986 1114 2026 et
1131 1984 1283 2025 adhuc
1306 1982 1490 2024 barbari
1510 1981 1694 2023 ordines

203 2047 430 2095 tenerent,
463 2044 645 2099 legatus
677 2044 915 2098 collegam,
956 2045 1010 2084 ut
1050 2042 1309 2097 legionibus
1349 2040 1520 2082 auxilio
1561 2041 1694 2088 esset,

205 2103 480 2158 expostulat.
541 2103 630 2145 Ille
665 2116 773 2145 vero
813 2102 1070 2157 prefectum
1112 2115 1215 2142 cum
1255 2098 1591 2154 quinquaginta
1630 2112 1695 2139 ar-

146 2175 180 2201 30
205 2163 341 2204 matis
381 2162 544 2204 lateril'
582 2162 742 2204 hostili
781 2161 957 2202 inmisit
989 2163 1036 2202 et
1067 2160 1251 2202 ordines
1283 2157 1598 2208 conturbavit;
1640 2170 1696 2198 ex

204 2222 292 2264 hoc
333 2221 490 2263 caediq
525 2221 756 2275 fugaeque
795 2222 897 2262 tota
942 2219 1016 2262 die
1062 2219 1217 2261 hostes
1263 2217 1500 2272 patebant.
1578 2215 1693 2258 Cum

204 2349 233 2379 a)
258 2354 321 2380 par.
340 2347 470 2373 mestitia
486 2347 549 2375 BL·
639 2347 670 2378 b)
694 2347 853 2373 uersabant
878 2365 886 2374 .
907 2366 915 2374 .
938 2367 944 2373 .
967 2364 975 2372 .
1001 2353 1077 2373 corr.
1099 2344 1288 2372 uersantibus
1307 2345 1338 2371 C.
1428 2342 1456 2376 c)
1480 2343 1639 2368 bellatores
1664 2343 1695 2367 in

205 2383 265 2409 loco
291 2380 361 2408 rae'o
386 2383 418 2411 0.
508 2382 538 2413 d)
562 2383 724 2415 impeditur
747 2383 780 2408 Ο.
870 2383 899 2413 e)
926 2382 1009 2414 signo
1033 2389 1090 2408 om.
1117 2381 1150 2408 C.
1239 2380 1263 2413 f)
1286 2380 1428 2411 hucusque
1453 2379 1540 2411 Mat„
1565 2385 1696 2403 sermone

205 2419 338 2451 abrupto.
427 2419 459 2450 g)
483 2417 574 2443 rediit
598 2418 662 2445 ΒΞ.
682 2418 770 2446 Saxo.
860 2417 893 2448 h)
916 2418 1022 2443 castris
1047 2424 1105 2444 om.
1129 2415 1193 2443 132.
1273 2416 1294 2446 i)
1318 2416 1467 2449 equitates
1491 2414 1523 2442 G.
1593 2414 1625 2444 k)
1643 2414 1695 2438 vix

146 2455 180 2480 35
206 2462 261 2482 om.
278 2454 341 2481 ΒΞ.
431 2453 456 2486 l)
480 2453 590 2485 populo
608 2452 657 2479 dei
675 2453 737 2481 Bl.
826 2454 866 2484 m)
890 2451 999 2479 dextra.
1023 2466 1056 2471 —-
1080 2453 1258 2484 gravaretur
1283 2457 1339 2479 om.
1363 2451 1394 2478 C.
1474 2449 1507 2483 n)
1531 2456 1563 2475 se
1582 2452 1695 2475 sterne-

205 2490 276 2515 bant
293 2489 357 2516 132.
428 2490 457 2520 ο)
476 2496 543 2514 eum
560 2489 587 2514 B
598 2490 623 2517 1.
694 2490 725 2521 p)
743 2488 833 2514 letari
850 2489 911 2516 Bl.
983 2489 1015 2520 q)
1033 2486 1107 2514 cede
1126 2487 1161 2514 A.

207 2595 244 2639 1)
269 2594 402 2637 Veryil.
425 2595 516 2629 Aen.
540 2594 572 2636 I,
597 2604 628 2629 v.
654 2594 744 2629 218:
779 2604 953 2638 spemque
977 2595 1188 2636 metumque
1212 2591 1310 2626 inter
1342 2590 1455 2625 dubii.
1573 2590 1610 2634 2)
1639 2590 1695 2631 Cf.

204 2642 309 2684 infra
332 2642 388 2684 II,
413 2642 478 2677 14:
502 2640 639 2685 pluvia,
664 2651 757 2684 quae
782 2640 909 2685 ingens
932 2643 1022 2676 erat.
1118 2642 1156 2684 3)
1184 2639 1282 2673 Idem
1305 2639 1346 2672 in
1364 2638 1502 2681 proelio
1527 2637 1698 2671 adversus

212 2688 391 2732 Unyarios
417 2699 452 2723 a.
478 2689 560 2724 955.
590 2689 771 2722 commisso
795 2688 890 2724 Wid.
913 2688 1038 2721 issdem
1062 2688 1138 2730 fere
1160 2686 1274 2720 verbis
1298 2685 1412 2719 tradit
1435 2684 1509 2727 III,
1535 2685 1593 2719 44.
1642 2684 1697 2717 De

145 2742 181 2767 40
205 2747 244 2769 re
267 2736 315 2778 ef.
339 2736 459 2769 Waitz
481 2747 520 2779 p.
542 2736 622 2778 128,
647 2745 683 2770 n.
706 2737 741 2770 3.
836 2734 876 2779 4)
901 2735 958 2776 Cf.
983 2735 1082 2770 Arm.
1108 2734 1208 2768 Corb.
1233 2744 1268 2768 a.
1294 2733 1375 2773 929,
1399 2731 1462 2766 SS.
1488 2731 1562 2774 III,
1588 2741 1628 2774 p.
1650 2731 1694 2766 4:

206 2782 399 2817 oriente
435 2782 536 2816 sole
571 2781 670 2816 facta
703 2784 757 2815 est
789 2792 915 2826 pugna
945 2780 1068 2816 valida
1104 2780 1207 2814 iuxta
1242 2778 1379 2813 flumen
1412 2777 1511 2822 quod
1543 2779 1698 2812 vocatur

205 2829 319 2873 Alpia
355 2831 483 2864 contra
519 2828 677 2864 Sclavos.
807 2828 843 2874 5)
875 2829 940 2864 Ev.
966 2828 1084 2862 Lucae
1116 2829 1150 2870 2,
1177 2828 1220 2862 9:
1258 2825 1403 2860 claritas
1435 2824 1504 2860 Dei
1541 2825 1695 2859 circum-

206 2875 308 2910 fulsit
329 2875 424 2912 illos.
519 2877 557 2920 6)
582 2876 717 2919 Verqil.
741 2875 828 2911 Aen.
852 2876 916 2918 VI,
943 2886 975 2911 v.
999 2876 1091 2911 486:
1120 2874 1250 2909 dextra
1274 2873 1451 2917 laevaque
1475 2871 1694 2916 frequentes

207 2923 243 2968 7)
273 2922 403 2966 Verqil.
430 2923 555 2967 Georq.
580 2923 653 2966 III,
688 2934 718 2958 v.
743 2923 835 2958 480:
869 2933 984 2968 genus
1009 2932 1118 2956 omne
1141 2921 1225 2956 neci
1251 2919 1435 2965 pecudum
1468 2918 1579 2955 dedit.
1637 2919 1696 2954 Id.

147 2976 182 3001 45
207 2970 313 3011 infra
337 2969 413 3014 III,
438 2971 496 3006 52.
591 2970 629 3015 8)
657 2970 713 3011 Cf.
737 2980 853 3014 3upra
874 2982 911 3015 p.
931 2971 987 3013 14,
1013 2970 1034 3004 l.
1054 2971 1098 3005 16
1114 2979 1166 3012 sq.
