2034 3380
387 329 573 366 RERUM
598 330 880 368 GESTARUM
905 332 1283 371 SAXONIGARUM
1306 335 1405 375 LIB.
1429 338 1484 378 Π.
1632 344 1679 379 67

43 461 164 496 mm.
335 450 525 492 *XIIIL
588 451 711 492 Dum
758 465 812 493 ea
856 452 1034 494 interea
1078 453 1169 496 loci
1214 459 1452 510 geruntur,
1499 460 1677 514 antiqui
1690 465 1770 501 938.

189 508 345 551 hostes
386 511 531 551 nostri
562 509 784 563 Ungarfi1
826 510 979 552 subito
1019 511 1202 553 irruunt
1240 514 1288 554 in
1321 514 1593 558 Saxoniam⁸
1629 521 1676 561 et

190 568 350 609 castris
391 582 527 623 super
566 563 704 608 litusb
742 568 924 610 Badae⁰
960 569 1163 612 fluminis
1203 571 1438 614 collocatis
1478 574 1586 617 inde
1625 576 1675 618 in

188 639 369 668 omnem
414 626 648 680 regionem
690 626 1030 668 diffunduntur.
1101 628 1208 669 Dux
1248 631 1401 671 autem
1443 631 1606 674 missus
1646 647 1675 675 a

146 700 162 725 5
188 685 348 726 castris
380 698 480 726 cum
522 686 653 739 parte
694 685 920 726 exercitus
961 699 1027 728 eo>
1055 686 1129 728 die
1169 687 1228 728 ad
1267 701 1501 742 vesperam
1543 690 1675 744 signa

186 743 329 784 movit
369 739 519 784 circa,d
555 743 712 784 urbem
753 756 869 797 quae
910 744 1080 786 dicitur
1117 744 1488 801 Stedieraburge·
1502 747 1530 788 2.
1593 748 1674 790 Ur-

186 801 294 842 bani
325 803 480 843 autem
510 801 720 843 videntes
751 802 907 843 hostes
939 798 1014 844 etf
1051 816 1105 844 ex
1140 803 1306 846 itinere
1337 806 1385 846 et
1416 818 1471 847 ex
1501 805 1670 860 pluvia,

184 873 299 913 quae
320 860 483 914 ingens
501 862 612 910 erat,
637 860 913 914 segnior-esg,
932 862 1153 903 audacter
1169 865 1417 916 erumpunt
1437 859 1627 918 portish·
1641 864 1670 916 ³,

184 920 231 959 et
263 918 460 960 clamore
493 919 691 972 primum
731 919 1012 970 territantes,
1056 920 1240 962 demum
1278 923 1468 975 repente
1508 923 1558 963 in
1598 923 1671 964 ad·

124 994 158 1018 10
183 978 403 1018 versarios
449 978 689 1027 irruentes,
738 978 947 1032 plurimis
994 991 1048 1019 ex
1094 979 1159 1020 eis
1206 979 1348 1021 caesis
1394 981 1442 1022 et
1488 981 1671 1036 copiosa

182 1048 402 1089 equorum
427 1036 727 1078 multitudine
750 1050 854 1078 cum
876 1036 1106 1091 aliquibus
1130 1037 1272 1091 signis
1293 1040 1441 1092 capta,
1465 1041 1670 1082 caeteros

180 1094 341 1148 fugere
374 1094 709 1148 compulerunt.
772 1095 919 1137 Urbes
955 1109 1068 1149 quas
1109 1096 1266 1137 obvias
1306 1093 1532 1139 habuere¹
1571 1097 1669 1140 illo-

181 1166 281 1193 rum
321 1154 480 1207 fugam
525 1153 955 1201 animadvertentes,
1004 1154 1141 1195 armis
1188 1168 1264 1196 eos
1304 1155 1515 1197 omnibus
1556 1155 1668 1198 locis

180 1211 420 1264 urgebant,
474 1213 520 1253 et
573 1212 770 1252 maxima
816 1225 871 1253 ex
917 1212 981 1253 eis
1028 1215 1160 1266 parte
1211 1215 1453 1266 prostrata,
1506 1215 1666 1257 ducem

121 1285 155 1310 15
179 1269 329 1323 ipsum
360 1270 407 1310 in
440 1270 670 1324 quendam
710 1270 800 1310 luti
841 1272 1032 1324 puteum
1074 1274 1289 1325 cogentes
1329 1272 1665 1326 obpresserunt.

179 1324 370 1370 Alterak
416 1330 570 1370 autem
611 1341 715 1383 pars
757 1329 983 1371 exercitus
1025 1329 1082 1370 ad
1124 1329 1383 1384 aquilonem
1423 1344 1580 1372 versus
1620 1334 1667 1373 et

178 1389 277 1428 arte
318 1387 556 1429 cuiusdam
594 1383 769 1429 Selavil
818 1387 867 1428 in
907 1387 1093 1430 locumm
1123 1389 1202 1442 qui
1242 1388 1439 1430 diciturn
1475 1389 1665 1430 Thrimi-

177 1445 364 1500 ning0·4
395 1446 634 1497 deductus,
673 1446 952 1488 difficultate
983 1446 1188 1488 locorum
1224 1461 1277 1489 ac
1308 1461 1448 1489 manu
1480 1448 1665 1489 circum-

176 1504 308 1545 fusus
359 1507 640 1546 armatorum
690 1505 828 1560 periit
878 1505 1179 1559 timoremque
1228 1506 1423 1547 nimium
1472 1507 1664 1548 caeteris

118 1579 153 1604 20
177 1563 382 1604 incussit.
430 1563 537 1604 Dux
565 1566 720 1605 autem
750 1563 878 1605 illius
910 1565 1136 1606 exercitus
1168 1578 1272 1606 cum
1302 1564 1461 1619 paucis
1482 1564 1664 1619 elapsus

179 1622 595 1676 comprehenditur,
644 1624 691 1664 et
737 1623 797 1663 ad
842 1635 997 1676 regem
1041 1622 1267 1664 deductus
1307 1623 1456 1677 pretio
1496 1636 1663 1678 magno

177 1681 432 1722 redimitur.
494 1681 581 1722 His
613 1681 784 1722 auditis
817 1683 966 1722 castra
1002 1681 1204 1722 hostium
1244 1681 1424 1722 omnial'
1459 1681 1661 1731 turbata,

175 1739 290 1793 fuga
321 1739 518 1781 salutem
549 1740 856 1793 quaesierunt,
887 1752 972 1780 nec
1004 1738 1128 1780 ultra
1158 1752 1239 1793 per
1265 1739 1460 1793 triginta
1490 1738 1663 1781 annos⁵

175 1798 225 1838 in
256 1798 454 1839 Saxonia
485 1800 810 1852 apparuerunt.

117 1872 151 1898 25
243 1871 251 1873 ⁷
318 1855 418 1897 XV.
470 1856 581 1898 Post
621 1857 734 1898 haec
776 1855 1023 1897 Heinricus
1064 1856 1229 1898 ardens
1270 1856 1524 1911 cupiditate
1565 1867 1753 1911 reg-989.

175 1915 346 1956 nandi⁶
367 1915 544 1957 celebre
575 1916 709 1970 parat
740 1914 997 1956 convivium
1027 1913 1077 1954 in
1107 1913 1208 1955 loco
1240 1914 1320 1968 qui
1348 1914 1518 1956 dicitur
1539 1914 1660 1956 Sala-

175 1974 390 2015 veldunq·
406 1974 432 2014 ⁷.
496 1973 701 2027 Cumque
733 1974 852 2015 esset
891 1986 1085 2028 magnus
1125 1986 1178 2015 ac
1218 1974 1380 2027 potens
1419 1972 1659 2015 maiestate

176 2034 223 2073 et
254 2033 483 2086 potestate
513 2031 704 2086 regalir,
736 2031 945 2086 plurimis
976 2031 1173 2086 plurima
1205 2031 1347 2073 donat
1376 2033 1424 2073 et
1442 2031 1659 2073 factionis

176 2090 491 2132 huiuscemodi
522 2090 743 2144 plurimos
774 2089 831 2130 ob
863 2089 911 2130 id
942 2089 1031 2130 sibi
1061 2090 1269 2131 associat.
1326 2089 1472 2131 Fuere
1502 2091 1659 2130 tamen

116 2166 150 2191 30
175 2149 323 2199 multi,
372 2149 476 2203 qui⁸
522 2161 620 2190 rem
660 2146 808 2189 celare
848 2147 1001 2202 potius
1042 2147 1254 2189 arbitrati
1298 2148 1419 2197 sunt,
1467 2147 1526 2188 ad
1570 2147 1658 2188 hoc

174 2262 202 2295 a)
229 2262 362 2288 Saxones
382 2263 444 2289 32.
547 2261 579 2296 b)
604 2261 688 2288 littus
707 2261 758 2287 ΒΞ
777 2268 897 2294 semper.
996 2260 1024 2295 e)
1047 2260 1125 2288 bodo
1143 2261 1178 2290 Α,
1197 2261 1288 2290 Saxo.
1389 2260 1420 2296 d)
1447 2263 1550 2288 contra
1568 2261 1658 2291 Saxo.

175 2297 202 2330 e)
227 2299 268 2322 sic
291 2298 345 2322 131
369 2301 461 2327 (corr.
486 2304 500 2322 e
524 2296 712 2329 staden-burg,
737 2298 835 2322 littera
859 2305 878 2323 a.
902 2303 994 2328 supra
1019 2297 1096 2322 linea
1120 2297 1243 2329 imma)
1267 2299 1293 2322 et
1311 2296 1350 2327 C,-
1374 2296 1592 2329 steiderinburg
1614 2298 1659 2329 A,-

174 2332 386 2365 Stediereburg
399 2333 466 2364 B2;
484 2331 707 2358 stedierabureh
722 2332 814 2359 Saxo.
875 2332 900 2362 f)
918 2334 948 2357 et
968 2338 1022 2359 om.
1035 2333 1071 2359 A.
1126 2333 1158 2364 g)
1176 2332 1307 2358 seniores
1320 2332 1381 2359 132.
1435 2331 1467 2365 11)
1485 2334 1585 2363 portas
1597 2332 1659 2359 ΒΞ.

174 2369 195 2398 i)
213 2369 254 2393 εἰσ
271 2368 332 2395 Β1.
348 2369 373 2395 2.
391 2368 423 2393 C.
444 2368 543 2398 8αει·ο,·
561 2367 728 2392 habuerunt
745 2364 910 2400 (habuer’t)
928 2366 965 2392 A.
1041 2367 1073 2397 k)
1091 2366 1213 2392 Alteras
1231 2369 1331 2392 autem
1348 2367 1443 2398 partis
1461 2366 1514 2391 ΒΩ
1532 2370 1659 2392 mnam

115 2405 149 2431 35
173 2404 234 2428 sine
257 2403 343 2428 dubio
367 2403 488 2435 adnare,
515 2403 564 2435 qm·
591 2403 621 2426 in
645 2402 770 2434 sequenti
793 2408 898 2427 versus
924 2400 1093 2432 offendem'n·
1117 2402 1176 2427 alt'o
1201 2402 1287 2427 modo
1311 2401 1387 2427 Aaou.
1412 2402 1493 2427 Saxo
1517 2402 1658 2428 mutavit:

173 2445 261 2464 versa
281 2458 290 2466 .
303 2458 310 2465 .
324 2459 332 2465 .
351 2437 478 2463 deducta
497 2457 504 2464 .
519 2457 528 2465 .
543 2457 551 2464 .
572 2437 757 2463 circumfusa.
833 2437 855 2467 1)
874 2436 946 2461 flaui
964 2443 1042 2462 corr.
1062 2436 1139 2462 slaui
1156 2437 1201 2467 Δ,-
1219 2436 1302 2462 suus
1319 2436 1380 2464 ΒΞ.
1399 2436 1495 2467 Βαωος
1513 2436 1607 2461 achai
1623 2437 1656 2468 Ο,

173 2474 271 2498 littera
290 2479 306 2498 c
323 2474 427 2504 prima
445 2479 534 2498 manu
552 2479 695 2504 super-scr.
776 2472 817 2503 m)
835 2472 900 2496 loco
918 2471 981 2498 Β1.
1060 2472 1092 2502 n)
1110 2471 1220 2496 dieitur
1237 2478 1294 2497 om.
1312 2471 1379 2498 Bis
1454 2470 1485 2503 ο)
1503 2471 1658 2503 thriminig

174 2509 204 2533 C.
226 2509 315 2535 Saxo.
397 2509 429 2539 p)
448 2507 547 2532 omnia
565 2514 619 2534 om.
638 2507 669 2532 0.
687 2506 777 2531 Saxo.
862 2507 892 2538 q)
911 2504 1102 2531 §maeldum
1119 2506 1188 2538 323
1207 2506 1379 2531 salaneldon
1395 2505 1479 2533 Frut.
1555 2507 1582 2537 r)
1600 2506 1655 2537 hic,

174 2551 228 2569 non
242 2545 311 2574 pos-t
329 2545 444 2574 potens,
464 2542 642 2573 distinguunt
660 2541 697 2568 A.
716 2541 781 2566 Β1.
801 2540 828 2566 2.
846 2541 877 2568 C.
894 2540 1018 2573 (lb-ut).
1088 2539 1115 2574 s)
1134 2547 1192 2572 que
1211 2540 1241 2568 C.

113 2636 149 2660 40
175 2625 210 2669 1)
238 2624 294 2665 Cf.
320 2634 434 2667 supra
464 2635 501 2667 p.
527 2624 586 2665 47,
617 2622 638 2657 l.
657 2623 689 2657 7.
715 2625 747 2655 et
769 2633 805 2657 n.
830 2623 864 2657 5.
967 2622 1005 2665 2)
1033 2621 1239 2664 Steterlmrq
1262 2631 1376 2664 prope
1402 2619 1655 2662 Wolfenbssttel.

173 2672 210 2716 3)
237 2671 374 2704 Eadem
397 2670 502 2704 verba
525 2670 600 2702 iam
624 2678 739 2711 supra
757 2679 797 2712 p.
815 2669 872 2710 14,
900 2668 924 2703 Ζ.
943 2669 998 2703 14.
1082 2668 1120 2710 4)
1148 2667 1340 2709 Βνόηιῑίηρ
1362 2667 1458 2709 reyio
1475 2666 1657 2709 palustris

174 2723 205 2752 et
234 2718 403 2751 silvestris
435 2727 452 2750 e
484 2717 716 2759 septentrione
749 2715 904 2748 civitatis
926 2714 1131 2748 Helmstedt.
1190 2713 1246 2754 Cf.
1280 2713 1377 2746 Arm.
1402 2711 1656 2754 Quodlinbury.

175 2775 209 2799 a.
235 2766 316 2807 937,
343 2764 406 2798 SS.
432 2763 509 2805 III,
538 2773 579 2805 Ρ.
604 2763 667 2797 56:
698 2759 839 2805 Ungari
865 2788 873 2795 .
901 2787 909 2795 .
935 2787 944 2795 .
964 2759 1007 2803 ‘in
1030 2758 1224 2803 paludibus
1249 2757 1471 2810 caeterisque
1500 2756 1656 2810 difficul-

174 2810 311 2844 tatibus
334 2809 540 2854 perierunt3
566 2810 662 2842 Am».
690 2807 791 2842 Gorb.
817 2817 850 2841 a.
873 2807 954 2848 938,
979 2806 1065 2841 ibid.
1084 2816 1125 2848 p.
1141 2806 1180 2840 4:
1209 2803 1454 2848 Unganorum
1478 2805 1657 2838 exemtus

115 2868 152 2893 45
175 2856 214 2890 in
238 2855 392 2891 Belxam
417 2855 567 2890 deletus,
616 2854 732 2888 Belxa
756 2862 877 2896 payns
906 2862 951 2884 ea:
981 2852 1047 2884 illa
1076 2852 1216 2893 reqione
1239 2851 1360 2884 Albim
1393 2860 1517 2883 versus
1538 2854 1657 2884 exten·-

174 2905 286 2936 ditm·.
390 2902 426 2947 5)
454 2903 509 2944 Cf.
540 2902 582 2935 de
615 2901 678 2934 hoc
712 2901 782 2933 loco
807 2899 967 2943 praefat.
1040 2942 1047 2950 ·
1080 2897 1116 2940 6)
1152 2897 1212 2949 pf.
1243 2906 1357 2941 wpra
1386 2907 1424 2940 p.
1449 2897 1507 2940 66,
1541 2896 1563 2931 l.
1590 2897 1655 2931 13:

176 2949 318 2984 fervens
344 2948 485 2992 animo3
519 2950 556 2982 et
587 2946 701 2982 nimia
724 2944 902 2990 regnandi
927 2942 1126 2987 cupiditate
1149 2942 1302 2978 lllectus.
1409 2943 1446 2986 7)
1482 2941 1656 2984 saalfeld.

1329 3011 1375 3047 5*
