2034 3380
142 990 176 1015 10

142 1283 176 1309 15

141 1609 176 1634 20

140 1846 174 1871 25

140 2082 176 2107 30

139 2317 172 2343 35

135 2788 172 2814 45

795 319 1102 360 PRAEFATIO.
1619 322 1698 358 VII

205 446 337 485 trasse
352 443 380 483 ¹.
441 441 662 485 Folcmari
692 454 903 484 successm·
932 440 1051 483 Bovo
1077 441 1148 494 II,
1180 442 1255 495 qui
1285 443 1416 486 annis
1447 448 1696 487 942—948.

204 501 506 544 monasterium
541 499 788 543 Gorbeiense
818 499 940 552 rexit,
983 514 1011 542 a
1041 500 1142 543 Deo
1172 502 1306 543 nobis
1337 506 1560 553 ostensus,
1602 518 1697 547 non

204 574 444 604 concessus
473 563 730 602 memoratur
759 558 861 611 III,
895 563 943 610 2;
986 559 1176 602 fibulam
1208 574 1394 603 auream
1430 563 1483 604 ab
1514 562 1698 616 Huqone

203 621 305 662 duce
333 617 621 672 Burqundiae
649 632 690 660 a.
724 621 823 660 940.
862 617 1005 660 Ottom‘
1036 618 1078 660 Ι.
1119 619 1218 674 regi
1259 620 1379 662 dono
1421 634 1695 674 concessam,

201 692 485 734 gemmarum
514 678 739 720 varietate
770 677 1027 720 mirabilem
1060 691 1102 720 se
1131 677 1289 720 vidisse
1318 680 1368 721 in
1390 679 1527 722 altari
1548 684 1697 736 proto-

201 737 414 792 martyris
431 737 656 791 Stephani
677 737 949 779 rutilantem
970 736 1275 779 animadvertit
1291 738 1363 791 II,
1382 742 1437 780 35
1450 739 1478 780 ².
1522 739 1608 781 Sed
1626 739 1698 781 vix

200 795 451 838 monasterii
479 795 616 838 muris
642 809 804 849 semper
822 795 908 847 fuit
926 795 1118 838 inclusus
1127 810 1143 849 ;
1174 797 1285 850 quod
1303 796 1469 840 videtur
1490 811 1699 851 apparere

201 869 252 898 eoe
291 855 361 908 ΙΙ,
395 859 473 897 40:
517 855 584 897 Eo
625 858 830 911 tempore
872 869 976 897 cum
1018 858 1275 898 moraretur
1313 871 1393 899 rex
1433 858 1482 898 in
1525 858 1698 913 campis

202 915 486 958 silvestribus
537 915 830 957 venationem
878 928 1042 970 egem,
1095 915 1278 958 obsides
1325 916 1550 959 Bolizlavi
1599 913 1695 972 [ibi]

201 975 399 1016 vidimus
412 974 440 1016 ³.
495 974 633 1016 Immo
653 987 750 1016 vero
770 973 909 1027 ipsum
928 973 978 1016 in
1001 973 1167 1027 palatio
1188 975 1251 1017 vel
1282 976 1399 1029 apud
1426 975 1699 1020 Wilhelmum

202 1032 561 1086 archiepiscopum
606 1032 934 1087 Moquntinum,
988 1032 1152 1076 Ottonis
1199 1033 1240 1075 Ι.
1291 1034 1485 1087 nothum,
1538 1034 1699 1089 deqisse

201 1091 332 1134 voluit
362 1092 511 1145 Ko’pke
523 1093 552 1145 4,
584 1093 659 1134 sed
687 1106 898 1146 nusquam
927 1092 1172 1135 indicatur:
1212 1107 1300 1136 non
1329 1093 1370 1136 is
1405 1098 1498 1137 erat
1537 1098 1696 1147 auctor,

202 1151 276 1204 qui
306 1151 386 1194 hac
416 1151 466 1193 de
495 1165 542 1193 re
572 1155 736 1204 taceret,
778 1156 817 1193 et
855 1165 1015 1193 summo
1050 1151 1145 1194 iure
1175 1152 1332 1195 Hauck
1345 1153 1361 1178 ⁵
1391 1167 1442 1195 ex
1481 1153 1550 1206 iis,
1591 1167 1699 1207 quae

210 1209 501 1253 Widukindus
551 1210 628 1262 II,
677 1214 747 1251 36.
800 1211 850 1253 de
903 1210 1049 1253 Ottone
1095 1210 1223 1254 dicit:
1275 1211 1697 1268 Quotienscumque

205 1272 361 1312 autem
393 1270 454 1311 sit
486 1283 599 1325 opus
632 1283 802 1312 corona
831 1270 1074 1326 portanda,
1116 1271 1341 1313 ieiunium
1382 1285 1561 1327 semper
1601 1286 1697 1328 pre-

202 1330 363 1372 cedere
395 1343 496 1384 pro
528 1343 662 1371 vero
694 1330 978 1380 traditur,
1012 1328 1174 1371 diutius
1203 1343 1296 1372 eum
1327 1329 1376 1372 in
1407 1330 1510 1373 aula
1543 1330 1699 1384 palatii

200 1392 411 1430 versatum
441 1401 527 1430 esse
556 1387 698 1442 utique
728 1387 908 1442 neqavit.
972 1388 1063 1431 Nec
1083 1388 1344 1431 Mahthildis
1371 1389 1535 1432 Ottonis
1565 1389 1696 1443 filiae,

202 1505 237 1546 1)
266 1505 363 1539 Ann.
383 1504 604 1538 Carteienses
628 1504 680 1539 ed.
700 1504 785 1540 Chr.
803 1504 869 1539 Fr.
887 1504 1061 1546 Paullini,
1086 1505 1223 1538 Rerum
1246 1510 1278 1539 et
1302 1507 1558 1550 antiquitatum
1578 1508 1695 1543 Germ,

199 1555 388 1595 syntayma
408 1563 447 1595 p.
465 1553 535 1588 380
563 1568 604 1579 =
631 1551 805 1586 Leibnitii
819 1551 882 1590 SS.
902 1552 1088 1588 ansvic.
1108 1552 1209 1597 II‚p
1211 1554 1320 1596 .‚301
1345 1564 1432 1597 quos
1455 1555 1595 1588 nullius
1615 1554 1698 1597 fidei

199 1609 271 1632 esse
294 1600 398 1641 facile
421 1602 471 1632 est
499 1600 683 1642 intellectu,
719 1610 752 1634 a.
778 1601 870 1636 971:
904 1598 1055 1644 Glarnit,
1080 1601 1258 1644 inquiunt,
1275 1599 1539 1636 Wittichindus
1562 1603 1696 1645 noster,

199 1645 408 1690 praeclarus
432 1645 635 1689 historicus,
659 1645 864 1680 Mathildae
888 1646 1037 1691 reginae
1061 1647 1269 1691 specialiter
1293 1659 1408 1684 carus,
1466 1649 1540 1683 Nec
1571 1650 1698 1684 melius

201 1697 261 1736 est,
285 1694 378 1737 quod
401 1694 558 1728 Ioannes
579 1694 800 1728 Trithemius
824 1694 1124 1750 Spanheimensis,
1148 1696 1246 1730 Ann.
1263 1695 1440 1739 Hirsauq.
1459 1696 1492 1738 I,
1510 1707 1551 1740 p.
1571 1698 1617 1732 98
1632 1707 1696 1741 sq„

201 1745 315 1775 monet
332 1741 419 1785 plus
443 1752 550 1785 quam
574 1742 694 1785 quadr
694 1744 821 1784 aqinta
846 1743 954 1775 annis
978 1752 1056 1776 eum
1088 1742 1225 1776 scholae
1251 1743 1450 1777 Corbeiensi
1476 1745 1695 1787 praefuisse,

199 1789 317 1832 ipsum
341 1788 552 1834 Meqinradi
574 1789 776 1823 scholastici
797 1789 1077 1832 Hirsauqiensis
1110 1791 1211 1832 fama
1243 1791 1404 1824 allectum
1437 1790 1534 1824 hunc
1566 1792 1699 1826 adiisse

198 1839 230 1870 et
247 1846 317 1891 per
342 1836 477 1879 aliquot
500 1836 574 1870 dies
599 1836 698 1881 apud
721 1847 799 1871 eum
819 1847 890 1871 esse
906 1841 1170 1873 commoratum.
1213 1837 1348 1879 Quibus
1363 1839 1557 1873 mendaciis
1573 1839 1698 1873 allatis

199 1884 330 1917 nimios
362 1885 436 1926 fere
467 1883 618 1918 honores
648 1884 771 1922 tribui,
892 1885 929 1927 2)
968 1884 1024 1926 Cf.
1058 1885 1240 1919 Bo‘hmer-
1252 1885 1297 1918 ab
1322 1885 1513 1928 Ottenthal‚
1547 1886 1698 1930 Reqesta

199 1931 350 1974 Imperii
372 1931 425 1974 II,
450 1942 507 1966 nr.
524 1932 613 1968 8911.
639 1933 705 1975 913
730 1931 874 1973 Hauck,
898 1931 1006 1966 ‘KGJ
1029 1932 1105 1973 III,
1131 1944 1169 1976 p.
1186 1933 1268 1974 311,
1293 1943 1328 1968 n.
1347 1934 1382 1968 7.
1477 1933 1515 1978 3)
1542 1933 1698 1968 ottonem

199 1979 306 2011 annis
331 1979 411 2014 945.
438 1979 520 2021 946,
547 1989 698 2022 qum-um
723 1980 834 2012 altero
863 1979 928 2012 hoc
959 1979 1099 2020 factum
1131 1990 1202 2013 esse
1235 1980 1372 2014 videtur
1396 1981 1498 2023 (Req.
1525 1981 1616 2024 Imp.
1642 1980 1695 2024 II,

199 2035 259 2060 nr.
286 2026 416 2068 12701),
443 2025 608 2059 Corbeiae
633 2026 685 2059 vel
714 2036 826 2070 prope
850 2026 1036 2060 Corbeiam
1060 2031 1238 2061 versatum
1264 2037 1334 2062 esse
1357 2028 1534 2061 traditum
1558 2028 1700 2071 quidem

200 2081 273 2105 non
296 2071 475 2106 habemus.
523 2073 682 2107 Econtra
707 2083 751 2106 ecc
776 2073 831 2115 ΙΙ,
857 2075 924 2108 36:
957 2071 992 2107 N
994 2083 1053 2107 am
1078 2073 1255 2117 quosdam
1282 2073 1487 2108 audivimus
1511 2077 1696 2109 accusatos

201 2120 238 2152 et
270 2118 412 2163 peccati
445 2119 675 2163 manifestos,
712 2119 831 2164 ipsum
865 2119 1059 2162 (Ottonem)
1093 2131 1221 2155 eorum
1258 2120 1476 2155 advocatum
1514 2123 1551 2156 et
1587 2121 1697 2157 inter-

200 2176 378 2200 cessorem
413 2172 464 2210 (p.
499 2169 558 2210 81,
592 2168 614 2202 l.
651 2169 694 2203 17
712 2169 805 2211 sqq.)
834 2167 1091 2201 Widukindum
1125 2169 1269 2202 iudiciis
1305 2169 1380 2203 illis
1415 2169 1586 2203 assedisse
1621 2180 1699 2204 mea

198 2214 338 2257 quidem
361 2216 535 2248 sententia
559 2225 630 2248 non
658 2215 777 2258 utique
810 2215 972 2249 debemus
1005 2216 1218 2251 concludere.
1276 2216 1395 2260 Neque
1428 2216 1600 2260 intedegm,
1636 2218 1702 2260 qui

197 2263 333 2303 factum
362 2262 420 2304 sit,
454 2265 493 2294 ut
522 2261 764 2305 Wattenbach‚
791 2261 873 2297 (ΕΒ.
898 2262 964 2295 der
988 2262 1154 2296 Berliner
1176 2263 1390 2297 Alcademie'
1416 2265 1520 2299 1896.
1548 2275 1588 2307 Ρ.
1615 2265 1697 2306 340,

198 2308 447 2342 arbitraretur
471 2319 550 2343 eum
576 2310 714 2343 abbatis
738 2310 798 2342 sui
821 2310 978 2343 comitem
1009 2311 1192 2344 conventui
1218 2310 1393 2344 Werlensi
1418 2310 1512 2353 (III,
1537 2312 1599 2351 70)
1633 2313 1698 2345 ad-

198 2356 321 2398 fuisse,
346 2356 521 2400 epistolae,
546 2367 654 2400 quam
680 2358 877 2401 imperator
901 2356 949 2389 ad
973 2357 1161 2392 Saxonum
1179 2359 1366 2402 principes
1390 2358 1497 2402 dedit,
1531 2360 1699 2393 recitatae

197 2406 323 2438 testem.
445 2404 483 2447 4)
521 2403 562 2439 Ρ.
589 2406 636 2440 60
651 2415 723 2448 sqq.
750 2406 816 2440 52:
843 2404 1028 2438 ‘Wilhelm
1052 2415 1119 2439 von
1143 2406 1271 2439 Μαίης
1298 2416 1381 2439 war
1403 2406 1498 2439 auch
1530 2407 1606 2440 sein
1632 2407 1699 2441 Be-

197 2450 370 2490 schamen
411 2453 487 2484 sein
523 2452 799 2494 Auftraqqeber,
838 2451 1021 2486 Forderer
1056 2453 1133 2486 rund
1171 2451 1332 2488 Censor’.
1398 2453 1456 2495 Cf.
1495 2454 1698 2497 Gundlach,

198 2498 456 2532 ‘Heldenlieder
479 2499 544 2532 der
566 2499 753 2532 deutschen
770 2499 906 2532 Kaiser
906 2498 984 2533 zeit’
1002 2500 1034 2543 I,
1057 2511 1094 2544 p.
1113 2501 1161 2535 64
1177 2510 1277 2543 sqq.;
1301 2500 1446 2543 Mittay,
1470 2501 1703 2543 ‘Erzbischof

197 2545 390 2578 Friedrich
422 2556 489 2579 von
514 2546 642 2580 Mainz
674 2547 750 2580 und
783 2547 839 2580 die
864 2546 1000 2580 Politik
1028 2546 1124 2581 Ottos
1157 2548 1217 2581 des
1244 2547 1410 2582 Grossen’
1440 2549 1473 2590 (‘
1473 2548 1604 2604 Proqr.
1638 2549 1699 2583 des

199 2592 335 2627 Askan.
376 2594 508 2639 Gymn..
542 2604 589 2626 zu
626 2594 700 2627 Ber
701 2594 773 2627 lin’
812 2595 923 2637 1895)
955 2605 995 2638 Ρ.
1031 2596 1087 2630 14.
1126 2596 1173 2630 22
1197 2605 1271 2638 sq.,·
1307 2605 1461 2638 quorum
1497 2597 1698 2640 opinionem

205 2639 444 2683 Wattenbach,
470 2640 578 2675 ‘Uber
596 2640 794 2674 Widukind
817 2651 884 2675 von
902 2641 1022 2675 Corve
1010 2653 1035 2685 J
1051 2643 1126 2676 und
1142 2641 1198 2675 die
1214 2642 1262 2676 Ei
1264 2642 1453 2684 ·zbisch6fe
1468 2653 1536 2676 von
1552 2643 1694 2677 Mainz'

196 2686 220 2722 l.
245 2688 269 2722 l.
299 2698 339 2731 p.
364 2666 566 2731 3392352,
596 2690 814 2731 praesertim
843 2699 882 2731 Ρ
910 2689 993 2732 350,
1019 2691 1145 2723 merito
1170 2690 1355 2731 refutavit.
1386 2710 1434 2714 —
1463 2690 1590 2734 Koplce
1612 2700 1696 2725 con-

195 2735 365 2768 iecturam
389 2745 494 2768 suam
510 2736 592 2769 inde
615 2735 764 2778 deducit,
788 2737 881 2779 quod
901 2736 1143 2770 Widukindus
1167 2737 1409 2771 tantummodo
1424 2737 1490 2771 sub
1506 2737 1697 2772 Folcmaro

197 2781 320 2815 abbate
345 2783 384 2815 in
409 2782 571 2825 cataloqo
595 2783 852 2816 monachorum
877 2788 1055 2827 occurrat,
1080 2784 1145 2818 sub
1170 2784 1432 2828 posterioribus
1464 2784 1696 2821 desideretur.

197 2828 265 2861 Sed
287 2832 319 2862 et
343 2829 645 2873 Homer-Effer,
671 2830 734 2865 SS.
757 2830 870 2873 XIII,
891 2842 932 2874 Ρ.
949 2832 1031 2874 274,
1058 2835 1088 2865 et
1110 2831 1348 2874 Wattenbach,
1373 2832 1509 2874 ‘DGQJ
1531 2833 1583 2867 ed.
1603 2834 1634 2868 7.
1661 2832 1694 2874 I,

191 2889 231 2919 p.
255 2877 338 2918 306,
371 2887 407 2913 n.
432 2879 467 2920 2,
502 2887 624 2911 eorum
649 2881 789 2911 tantum
813 2878 991 2922 fratrum,
1021 2880 1086 2922 qui
1108 2889 1242 2923 quoque
1265 2879 1330 2912 sub
1355 2879 1480 2913 abbate
1513 2881 1695 2914 conventui

198 2925 416 2968 neceam-int,
441 2935 512 2958 non
537 2926 706 2968 omnium,
731 2926 795 2969 qui
817 2927 1012 2968 miter-int,
1047 2927 1194 2960 nomina
1218 2927 1377 2969 cataloqo
1409 2928 1586 2960 contineri
1615 2931 1690 2960 sta-

197 2973 352 3005 tuerunt.
448 2972 484 3014 5)
513 2972 621 3008 ‘KGJ
646 2972 723 3016 III,
749 2983 788 3016 Ρ.
810 2974 898 3015 311,
924 2984 960 3008 n.
979 2975 1011 3009 7.
