<?xml version="1.0" encoding="UTF-8"?>
<!DOCTYPE html PUBLIC "-//W3C//DTD XHTML 1.0 Transitional//EN"
    "http://www.w3.org/TR/xhtml1/DTD/xhtml1-transitional.dtd">
<html xmlns="http://www.w3.org/1999/xhtml" xml:lang="en" lang="en">
 <head>
  <title>
</title>
<meta http-equiv="Content-Type" content="text/html;charset=utf-8" />
  <meta name='ocr-system' content='tesseract 3.04.00' />
  <meta name='ocr-capabilities' content='ocr_page ocr_carea ocr_par ocr_line ocrx_word'/>
</head>
<body>
  <div class='ocr_page' id='page_1' title='image "./rerumgestarumsax00widuuoft_0078.png"; bbox 0 0 2034 3380; ppageno 0'>
   <div class='ocr_carea' id='block_1_1' title="bbox 367 320 1255 360">
    <p class='ocr_par' dir='ltr' id='par_1_1' title="bbox 367 320 1255 360">
     <span class='ocr_line' id='line_1_1' title="bbox 367 320 1255 360; baseline -0.006 0"><span class='ocrx_word' id='word_1_1' title='bbox 367 324 415 360; x_wconf 88' lang='grc'>40</span> <span class='ocrx_word' id='word_1_2' title='bbox 962 320 1200 357; x_wconf 87' lang='lat' dir='ltr'>WIDUKIN</span> <span class='ocrx_word' id='word_1_3' title='bbox 1200 321 1255 356; x_wconf 89' lang='lat' dir='ltr'>DI</span> 
     </span>
    </p>
   </div>
   <div class='ocr_carea' id='block_1_2' title="bbox 366 443 1853 780">
    <p class='ocr_par' dir='ltr' id='par_1_2' title="bbox 366 443 1853 780">
     <span class='ocr_line' id='line_1_2' title="bbox 368 443 1852 498; baseline 0.001 -14"><span class='ocrx_word' id='word_1_4' title='bbox 368 443 515 485; x_wconf 91' lang='lat' dir='ltr'>latum</span> <span class='ocrx_word' id='word_1_5' title='bbox 548 445 616 485; x_wconf 90' lang='lat' dir='ltr'>est</span> <span class='ocrx_word' id='word_1_6' title='bbox 648 457 812 498; x_wconf 87' lang='lat' dir='ltr'>corpus</span> <span class='ocrx_word' id='word_1_7' title='bbox 844 444 969 486; x_wconf 58' lang='grc' dir='ltr'>611151ιι</span> <span class='ocrx_word' id='word_1_8' title='bbox 995 458 1022 485; x_wconf 86' lang='lat' dir='ltr'>a</span> <span class='ocrx_word' id='word_1_9' title='bbox 1052 443 1197 494; x_wconf 89' lang='lat' dir='ltr'>nobis,</span> <span class='ocrx_word' id='word_1_10' title='bbox 1231 443 1384 485; x_wconf 85' lang='lat' dir='ltr'>civilia</span> <span class='ocrx_word' id='word_1_11' title='bbox 1404 443 1477 485; x_wconf 87' lang='lat' dir='ltr'>vel</span> <span class='ocrx_word' id='word_1_12' title='bbox 1504 445 1691 486; x_wconf 85' lang='lat' dir='ltr'>externa</span> <span class='ocrx_word' id='word_1_13' title='bbox 1713 457 1852 486; x_wconf 84' lang='lat' dir='ltr'>cessa-</span> 
     </span>
     <span class='ocr_line' id='line_1_3' title="bbox 367 498 1846 557; baseline 0 -14"><span class='ocrx_word' id='word_1_14' title='bbox 367 516 471 544; x_wconf 86' lang='lat' dir='ltr'>vere</span> <span class='ocrx_word' id='word_1_15' title='bbox 512 502 653 553; x_wconf 88' lang='lat' dir='ltr'>bella;</span> <span class='ocrx_word' id='word_1_16' title='bbox 697 503 856 545; x_wconf 90' lang='lat' dir='ltr'>eodem</span> <span class='ocrx_word' id='word_1_17' title='bbox 898 503 1067 557; x_wconf 85' lang='lat' dir='ltr'>quippe</span> <span class='ocrx_word' id='word_1_18' title='bbox 1107 516 1227 544; x_wconf 84' lang='lat' dir='ltr'>anno</span> <span class='ocrx_word' id='word_1_19' title='bbox 1260 502 1382 543; x_wconf 87' lang='lat' dir='ltr'>Dani</span> <span class='ocrx_word' id='word_1_20' title='bbox 1422 504 1468 544; x_wconf 87' lang='lat' dir='ltr'>et</span> <span class='ocrx_word' id='word_1_21' title='bbox 1509 498 1846 544; x_wconf 80' lang='lat' dir='ltr'>Northmannib</span> 
     </span>
     <span class='ocr_line' id='line_1_4' title="bbox 369 561 1852 615; baseline 0.001 -14"><span class='ocrx_word' id='word_1_22' title='bbox 369 561 601 615; x_wconf 84' lang='lat' dir='ltr'>regionem</span> <span class='ocrx_word' id='word_1_23' title='bbox 631 563 836 603; x_wconf 86' lang='lat' dir='ltr'>nostram</span> <span class='ocrx_word' id='word_1_24' title='bbox 866 561 1145 603; x_wconf 86' lang='lat' dir='ltr'>invaserunt&#39;</span> <span class='ocrx_word' id='word_1_25' title='bbox 1163 561 1190 600; x_wconf 82' lang='lat'>1.</span> <span class='ocrx_word' id='word_1_26' title='bbox 1237 561 1334 603; x_wconf 86' lang='lat' dir='ltr'>Rex</span> <span class='ocrx_word' id='word_1_27' title='bbox 1366 562 1520 602; x_wconf 90' lang='lat' dir='ltr'>autem</span> <span class='ocrx_word' id='word_1_28' title='bbox 1554 574 1718 603; x_wconf 89' lang='lat' dir='ltr'>munus</span> <span class='ocrx_word' id='word_1_29' title='bbox 1745 561 1852 603; x_wconf 80' lang='lat' dir='ltr'>divi-</span> 
     </span>
     <span class='ocr_line' id='line_1_5' title="bbox 372 619 1853 674; baseline 0.001 -14"><span class='ocrx_word' id='word_1_30' title='bbox 372 633 483 660; x_wconf 89' lang='lat' dir='ltr'>num</span> <span class='ocrx_word' id='word_1_31' title='bbox 541 623 670 662; x_wconf 69' lang='grc' dir='ltr'>(311111ο</span> <span class='ocrx_word' id='word_1_32' title='bbox 723 621 847 661; x_wconf 89' lang='lat' dir='ltr'>omni</span> <span class='ocrx_word' id='word_1_33' title='bbox 898 620 1149 674; x_wconf 89' lang='lat' dir='ltr'>gratiarum</span> <span class='ocrx_word' id='word_1_34' title='bbox 1212 620 1391 661; x_wconf 86' lang='lat' dir='ltr'>actione</span> <span class='ocrx_word' id='word_1_35' title='bbox 1453 619 1702 674; x_wconf 89' lang='lat' dir='ltr'>suscipiens</span> <span class='ocrx_word' id='word_1_36' title='bbox 1755 633 1853 674; x_wconf 91' lang='lat' dir='ltr'>pro·</span> 
     </span>
     <span class='ocr_line' id='line_1_6' title="bbox 369 678 1852 733; baseline -0.001 -13"><span class='ocrx_word' id='word_1_37' title='bbox 369 679 591 720; x_wconf 84' lang='lat' dir='ltr'>sternitur</span> <span class='ocrx_word' id='word_1_38' title='bbox 639 678 845 733; x_wconf 86' lang='lat' dir='ltr'>reliquiis</span> <span class='ocrx_word' id='word_1_39' title='bbox 897 679 1066 720; x_wconf 85' lang='lat' dir='ltr'>sanctis</span> <span class='ocrx_word' id='word_1_40' title='bbox 1118 681 1164 720; x_wconf 92' lang='lat' dir='ltr'>et</span> <span class='ocrx_word' id='word_1_41' title='bbox 1222 678 1491 720; x_wconf 81' lang='lat' dir='ltr'>deosculans</span> <span class='ocrx_word' id='word_1_42' title='bbox 1544 692 1619 720; x_wconf 88' lang='lat' dir='ltr'>eas</span> <span class='ocrx_word' id='word_1_43' title='bbox 1677 692 1852 720; x_wconf 86' lang='lat' dir='ltr'>summa</span> 
     </span>
     <span class='ocr_line' id='line_1_7' title="bbox 366 738 1049 780; baseline -0.003 -2"><span class='ocrx_word' id='word_1_44' title='bbox 366 738 659 779; x_wconf 87' lang='lat' dir='ltr'>veneratione</span> <span class='ocrx_word' id='word_1_45' title='bbox 689 739 934 780; x_wconf 87' lang='lat' dir='ltr'>veneratus</span> <span class='ocrx_word' id='word_1_46' title='bbox 966 740 1049 779; x_wconf 88' lang='lat' dir='ltr'>est.</span> 
     </span>
    </p>
   </div>
   <div class='ocr_carea' id='block_1_3' title="bbox 364 807 1852 2328">
    <p class='ocr_par' dir='ltr' id='par_1_3' title="bbox 364 807 1852 2328">
     <span class='ocr_line' id='line_1_8' title="bbox 507 807 1850 862; baseline 0 -14"><span class='ocrx_word' id='word_1_47' title='bbox 507 807 766 848; x_wconf 89' lang='lat' dir='ltr'>XXXIIII.</span> <span class='ocrx_word' id='word_1_48' title='bbox 830 807 1026 849; x_wconf 91' lang='lat' dir='ltr'>Inclitus</span> <span class='ocrx_word' id='word_1_49' title='bbox 1067 821 1173 848; x_wconf 84' lang='lat' dir='ltr'>vero</span> <span class='ocrx_word' id='word_1_50' title='bbox 1206 809 1377 862; x_wconf 79' lang='lat' dir='ltr'>martyr</span> <span class='ocrx_word' id='word_1_51' title='bbox 1391 808 1418 857; x_wconf 79' lang='lat'>²,</span> <span class='ocrx_word' id='word_1_52' title='bbox 1453 808 1508 849; x_wconf 89' lang='lat' dir='ltr'>de</span> <span class='ocrx_word' id='word_1_53' title='bbox 1541 821 1630 861; x_wconf 92' lang='lat' dir='ltr'>quo</span> <span class='ocrx_word' id='word_1_54' title='bbox 1671 807 1850 861; x_wconf 84' lang='lat' dir='ltr'>legatus</span> 
     </span>
     <span class='ocr_line' id='line_1_9' title="bbox 366 862 1851 920; baseline -0.001 -12"><span class='ocrx_word' id='word_1_55' title='bbox 366 866 529 908; x_wconf 87' lang='lat' dir='ltr'>Karoli</span> <span class='ocrx_word' id='word_1_56' title='bbox 560 866 787 917; x_wconf 82' lang='lat' dir='ltr'>disseruit,</span> <span class='ocrx_word' id='word_1_57' title='bbox 822 868 921 908; x_wconf 84' lang='lat' dir='ltr'>erat</span> <span class='ocrx_word' id='word_1_58' title='bbox 951 866 1000 906; x_wconf 91' lang='lat' dir='ltr'>in</span> <span class='ocrx_word' id='word_1_59' title='bbox 1032 862 1203 907; x_wconf 73' lang='lat' dir='ltr'>Lieia‘l·</span> <span class='ocrx_word' id='word_1_60' title='bbox 1218 865 1234 890; x_wconf 85' lang='lat'><strong>3</strong></span> <span class='ocrx_word' id='word_1_61' title='bbox 1264 866 1498 920; x_wconf 84' lang='lat' dir='ltr'>provincia</span> <span class='ocrx_word' id='word_1_62' title='bbox 1538 865 1684 907; x_wconf 90' lang='lat' dir='ltr'>nobili</span> <span class='ocrx_word' id='word_1_63' title='bbox 1715 867 1851 907; x_wconf 85' lang='lat' dir='ltr'>natus</span> 
     </span>
     <span class='ocr_line' id='line_1_10' title="bbox 365 923 1851 979; baseline 0.001 -14"><span class='ocrx_word' id='word_1_64' title='bbox 365 924 555 974; x_wconf 84' lang='lat' dir='ltr'>familia,</span> <span class='ocrx_word' id='word_1_65' title='bbox 609 925 689 966; x_wconf 89' lang='lat' dir='ltr'>sed</span> <span class='ocrx_word' id='word_1_66' title='bbox 735 937 927 979; x_wconf 86' lang='lat' dir='ltr'>pagana.</span> <span class='ocrx_word' id='word_1_67' title='bbox 1006 923 1152 975; x_wconf 78' lang='lat' dir='ltr'>Quem</span> <span class='ocrx_word' id='word_1_68' title='bbox 1199 926 1329 978; x_wconf 88' lang='lat' dir='ltr'>pater</span> <span class='ocrx_word' id='word_1_69' title='bbox 1376 924 1546 979; x_wconf 84' lang='lat' dir='ltr'>presidi</span> <span class='ocrx_word' id='word_1_70' title='bbox 1592 923 1851 978; x_wconf 81' lang='lat' dir='ltr'>provinciae</span> 
     </span>
     <span class='ocr_line' id='line_1_11' title="bbox 365 982 1852 1037; baseline 0 -14"><span class='ocrx_word' id='word_1_71' title='bbox 365 983 611 1024; x_wconf 88' lang='lat' dir='ltr'>Valeriano</span> <span class='ocrx_word' id='word_1_72' title='bbox 644 982 939 1037; x_wconf 85' lang='lat' dir='ltr'>presentavit,</span> <span class='ocrx_word' id='word_1_73' title='bbox 974 995 1167 1036; x_wconf 87' lang='lat' dir='ltr'>eumque</span> <span class='ocrx_word' id='word_1_74' title='bbox 1197 982 1321 1037; x_wconf 70' lang='lat' dir='ltr'>ipse‘⁵</span> <span class='ocrx_word' id='word_1_75' title='bbox 1359 996 1511 1037; x_wconf 86' lang='lat' dir='ltr'>preses</span> <span class='ocrx_word' id='word_1_76' title='bbox 1543 982 1602 1024; x_wconf 87' lang='lat' dir='ltr'>ad</span> <span class='ocrx_word' id='word_1_77' title='bbox 1632 982 1852 1024; x_wconf 85' lang='lat' dir='ltr'>inmolan-</span> 
     </span>
     <span class='ocr_line' id='line_1_12' title="bbox 366 1037 1852 1096; baseline 0 -14"><span class='ocrx_word' id='word_1_78' title='bbox 366 1042 473 1083; x_wconf 86' lang='lat' dir='ltr'>dum</span> <span class='ocrx_word' id='word_1_79' title='bbox 507 1037 789 1083; x_wconf 78' lang='lat' dir='ltr'>simulacrisf</span> <span class='ocrx_word' id='word_1_80' title='bbox 826 1041 997 1095; x_wconf 89' lang='lat' dir='ltr'>coegit;</span> <span class='ocrx_word' id='word_1_81' title='bbox 1037 1042 1116 1083; x_wconf 89' lang='lat' dir='ltr'>sed</span> <span class='ocrx_word' id='word_1_82' title='bbox 1146 1041 1324 1083; x_wconf 90' lang='lat' dir='ltr'>interea</span> <span class='ocrx_word' id='word_1_83' title='bbox 1354 1055 1540 1082; x_wconf 90' lang='lat' dir='ltr'>manum</span> <span class='ocrx_word' id='word_1_84' title='bbox 1571 1041 1773 1096; x_wconf 74' lang='lat' dir='ltr'>perdidit</span> <span class='ocrx_word' id='word_1_85' title='bbox 1805 1043 1852 1083; x_wconf 91' lang='lat' dir='ltr'>et</span> 
     </span>
     <span class='ocr_line' id='line_1_13' title="bbox 365 1099 1852 1155; baseline -0.001 -14"><span class='ocrx_word' id='word_1_86' title='bbox 365 1099 571 1142; x_wconf 86' lang='lat' dir='ltr'>oratione</span> <span class='ocrx_word' id='word_1_87' title='bbox 603 1100 746 1154; x_wconf 86' lang='lat' dir='ltr'>ipsius</span> <span class='ocrx_word' id='word_1_88' title='bbox 777 1100 947 1142; x_wconf 89' lang='lat' dir='ltr'>iterum</span> <span class='ocrx_word' id='word_1_89' title='bbox 978 1113 1135 1141; x_wconf 86' lang='lat' dir='ltr'>sanam</span> <span class='ocrx_word' id='word_1_90' title='bbox 1175 1100 1361 1155; x_wconf 88' lang='lat' dir='ltr'>recepit.</span> <span class='ocrx_word' id='word_1_91' title='bbox 1434 1100 1632 1142; x_wconf 81' lang='lat' dir='ltr'>Brachia</span> <span class='ocrx_word' id='word_1_92' title='bbox 1671 1100 1852 1142; x_wconf 90' lang='lat' dir='ltr'>tortori-</span> 
     </span>
     <span class='ocr_line' id='line_1_14' title="bbox 365 1158 1850 1214; baseline -0.001 -14"><span class='ocrx_word' id='word_1_93' title='bbox 365 1158 450 1200; x_wconf 88' lang='lat' dir='ltr'>bus</span> <span class='ocrx_word' id='word_1_94' title='bbox 482 1160 714 1209; x_wconf 86' lang='lat' dir='ltr'>aruerunt,</span> <span class='ocrx_word' id='word_1_95' title='bbox 757 1159 837 1201; x_wconf 86' lang='lat' dir='ltr'>sed</span> <span class='ocrx_word' id='word_1_96' title='bbox 869 1159 1042 1201; x_wconf 88' lang='lat' dir='ltr'>meritis</span> <span class='ocrx_word' id='word_1_97' title='bbox 1084 1158 1294 1214; x_wconf 78' lang='lat' dir='ltr'>martyris</span> <span class='ocrx_word' id='word_1_98' title='bbox 1333 1159 1581 1200; x_wconf 72' lang='lat' dir='ltr'>restitutag</span> <span class='ocrx_word' id='word_1_99' title='bbox 1623 1161 1732 1200; x_wconf 89' lang='lat' dir='ltr'>sunt</span> <span class='ocrx_word' id='word_1_100' title='bbox 1773 1158 1850 1200; x_wconf 89' lang='lat' dir='ltr'>eis.</span> 
     </span>
     <span class='ocr_line' id='line_1_15' title="bbox 365 1217 1851 1272; baseline 0 -14"><span class='ocrx_word' id='word_1_101' title='bbox 365 1217 537 1259; x_wconf 89' lang='lat' dir='ltr'>Videns</span> <span class='ocrx_word' id='word_1_102' title='bbox 579 1219 733 1259; x_wconf 87' lang='lat' dir='ltr'>autem</span> <span class='ocrx_word' id='word_1_103' title='bbox 765 1219 908 1272; x_wconf 89' lang='lat' dir='ltr'>pater,</span> <span class='ocrx_word' id='word_1_104' title='bbox 951 1218 1058 1271; x_wconf 85' lang='lat' dir='ltr'>quia</span> <span class='ocrx_word' id='word_1_105' title='bbox 1096 1219 1328 1259; x_wconf 89' lang='lat' dir='ltr'>tormenta</span> <span class='ocrx_word' id='word_1_106' title='bbox 1363 1218 1519 1266; x_wconf 91' lang='lat' dir='ltr'>irrisit,</span> <span class='ocrx_word' id='word_1_107' title='bbox 1563 1218 1748 1258; x_wconf 89' lang='lat' dir='ltr'>domum</span> <span class='ocrx_word' id='word_1_108' title='bbox 1787 1231 1851 1258; x_wconf 91' lang='lat' dir='ltr'>re-</span> 
     </span>
     <span class='ocr_line' id='line_1_16' title="bbox 366 1271 1852 1326; baseline 0.001 -10"><span class='ocrx_word' id='word_1_109' title='bbox 366 1271 542 1326; x_wconf 74' lang='lat' dir='ltr'>duxith,</span> <span class='ocrx_word' id='word_1_110' title='bbox 576 1276 788 1318; x_wconf 89' lang='lat' dir='ltr'>cubiculo</span> <span class='ocrx_word' id='word_1_111' title='bbox 820 1276 1031 1317; x_wconf 86' lang='lat' dir='ltr'>omnibus</span> <span class='ocrx_word' id='word_1_112' title='bbox 1063 1276 1239 1317; x_wconf 87' lang='lat' dir='ltr'>deliciis</span> <span class='ocrx_word' id='word_1_113' title='bbox 1270 1276 1484 1318; x_wconf 86' lang='lat' dir='ltr'>affluenti</span> <span class='ocrx_word' id='word_1_114' title='bbox 1514 1275 1715 1318; x_wconf 88' lang='lat' dir='ltr'>reclusit.</span> <span class='ocrx_word' id='word_1_115' title='bbox 1777 1275 1852 1317; x_wconf 92' lang='lat' dir='ltr'>Ibi</span> 
     </span>
     <span class='ocr_line' id='line_1_17' title="bbox 365 1330 1852 1389; baseline 0.001 -14"><span class='ocrx_word' id='word_1_116' title='bbox 365 1348 468 1376; x_wconf 92' lang='lat' dir='ltr'>cum</span> <span class='ocrx_word' id='word_1_117' title='bbox 515 1335 716 1376; x_wconf 86' lang='lat' dir='ltr'>archana</span> <span class='ocrx_word' id='word_1_118' title='bbox 762 1335 984 1388; x_wconf 86' lang='lat' dir='ltr'>quaedam</span> <span class='ocrx_word' id='word_1_119' title='bbox 1025 1330 1194 1389; x_wconf 66' lang='lat' dir='ltr'>Hylaei</span> <span class='ocrx_word' id='word_1_120' title='bbox 1235 1357 1294 1362; x_wconf 84' lang='lat'>——</span> <span class='ocrx_word' id='word_1_121' title='bbox 1323 1335 1387 1376; x_wconf 86' lang='lat' dir='ltr'>sic</span> <span class='ocrx_word' id='word_1_122' title='bbox 1434 1335 1557 1376; x_wconf 90' lang='lat' dir='ltr'>enim</span> <span class='ocrx_word' id='word_1_123' title='bbox 1602 1334 1852 1376; x_wconf 86' lang='lat' dir='ltr'>vocabatur</span> 
     </span>
     <span class='ocr_line' id='line_1_18' title="bbox 366 1393 1851 1448; baseline 0 -14"><span class='ocrx_word' id='word_1_124' title='bbox 366 1395 497 1447; x_wconf 90' lang='lat' dir='ltr'>pater</span> <span class='ocrx_word' id='word_1_125' title='bbox 534 1393 630 1435; x_wconf 90' lang='lat' dir='ltr'>eius</span> <span class='ocrx_word' id='word_1_126' title='bbox 661 1416 719 1421; x_wconf 97' lang='lat'>—</span> <span class='ocrx_word' id='word_1_127' title='bbox 751 1393 1046 1448; x_wconf 69' lang='lat' dir='ltr'>conspiceret,</span> <span class='ocrx_word' id='word_1_128' title='bbox 1089 1406 1248 1435; x_wconf 87' lang='lat' dir='ltr'>caecus</span> <span class='ocrx_word' id='word_1_129' title='bbox 1290 1393 1503 1435; x_wconf 85' lang='lat' dir='ltr'>efficitur.</span> <span class='ocrx_word' id='word_1_130' title='bbox 1566 1393 1627 1434; x_wconf 80' lang='lat' dir='ltr'>Et</span> <span class='ocrx_word' id='word_1_131' title='bbox 1666 1394 1851 1434; x_wconf 84' lang='lat' dir='ltr'>coactus</span> 
     </span>
     <span class='ocr_line' id='line_1_19' title="bbox 364 1447 1852 1503; baseline 0.001 -11"><span class='ocrx_word' id='word_1_132' title='bbox 364 1447 529 1493; x_wconf 74' lang='lat' dir='ltr'>idolisk</span> <span class='ocrx_word' id='word_1_133' title='bbox 570 1451 929 1503; x_wconf 87' lang='lat' dir='ltr'>abrenunciavit,</span> <span class='ocrx_word' id='word_1_134' title='bbox 974 1451 1208 1493; x_wconf 84' lang='lat' dir='ltr'>Christum</span> <span class='ocrx_word' id='word_1_135' title='bbox 1249 1452 1483 1494; x_wconf 79' lang='lat' dir='ltr'>confessus</span> <span class='ocrx_word' id='word_1_136' title='bbox 1525 1454 1607 1494; x_wconf 88' lang='lat' dir='ltr'>est.</span> <span class='ocrx_word' id='word_1_137' title='bbox 1679 1451 1852 1493; x_wconf 89' lang='lat' dir='ltr'>Illumi-</span> 
     </span>
     <span class='ocr_line' id='line_1_20' title="bbox 364 1510 1851 1565; baseline 0 -14"><span class='ocrx_word' id='word_1_138' title='bbox 364 1512 501 1552; x_wconf 87' lang='lat' dir='ltr'>natus</span> <span class='ocrx_word' id='word_1_139' title='bbox 534 1512 689 1552; x_wconf 87' lang='lat' dir='ltr'>autem</span> <span class='ocrx_word' id='word_1_140' title='bbox 722 1524 801 1565; x_wconf 91' lang='lat' dir='ltr'>per</span> <span class='ocrx_word' id='word_1_141' title='bbox 832 1511 995 1553; x_wconf 88' lang='lat' dir='ltr'>merita</span> <span class='ocrx_word' id='word_1_142' title='bbox 1026 1510 1112 1552; x_wconf 87' lang='lat' dir='ltr'>filii</span> <span class='ocrx_word' id='word_1_143' title='bbox 1149 1511 1220 1552; x_wconf 85' lang='lat' dir='ltr'>sui</span> <span class='ocrx_word' id='word_1_144' title='bbox 1251 1510 1350 1552; x_wconf 84' lang='lat' dir='ltr'>Viti</span> <span class='ocrx_word' id='word_1_145' title='bbox 1391 1510 1626 1552; x_wconf 74' lang='lat' dir='ltr'>Christum</span> <span class='ocrx_word' id='word_1_146' title='bbox 1666 1511 1851 1564; x_wconf 85' lang='lat' dir='ltr'>negavit</span> 
     </span>
     <span class='ocr_line' id='line_1_21' title="bbox 365 1569 1851 1623; baseline 0.001 -14"><span class='ocrx_word' id='word_1_147' title='bbox 365 1571 412 1610; x_wconf 91' lang='lat' dir='ltr'>et</span> <span class='ocrx_word' id='word_1_148' title='bbox 452 1569 599 1610; x_wconf 90' lang='lat' dir='ltr'>filium</span> <span class='ocrx_word' id='word_1_149' title='bbox 638 1569 895 1611; x_wconf 88' lang='lat' dir='ltr'>interficere</span> <span class='ocrx_word' id='word_1_150' title='bbox 932 1569 1169 1623; x_wconf 86' lang='lat' dir='ltr'>quaesivit.</span> <span class='ocrx_word' id='word_1_151' title='bbox 1240 1569 1425 1610; x_wconf 84' lang='lat' dir='ltr'>Monitu</span> <span class='ocrx_word' id='word_1_152' title='bbox 1464 1569 1672 1623; x_wconf 88' lang='lat' dir='ltr'>angelico</span> <span class='ocrx_word' id='word_1_153' title='bbox 1713 1571 1851 1623; x_wconf 86' lang='lat' dir='ltr'>atque</span> 
     </span>
     <span class='ocr_line' id='line_1_22' title="bbox 366 1627 1850 1683; baseline 0.001 -15"><span class='ocrx_word' id='word_1_154' title='bbox 366 1628 510 1669; x_wconf 91' lang='lat' dir='ltr'>ductu</span> <span class='ocrx_word' id='word_1_155' title='bbox 539 1627 790 1678; x_wconf 87' lang='lat' dir='ltr'>Modestus,</span> <span class='ocrx_word' id='word_1_156' title='bbox 826 1628 917 1669; x_wconf 87' lang='lat' dir='ltr'>iam</span> <span class='ocrx_word' id='word_1_157' title='bbox 950 1628 1129 1682; x_wconf 85' lang='lat' dir='ltr'>gravior</span> <span class='ocrx_word' id='word_1_158' title='bbox 1161 1628 1438 1683; x_wconf 85' lang='lat' dir='ltr'>pedagogus,</span> <span class='ocrx_word' id='word_1_159' title='bbox 1472 1642 1666 1682; x_wconf 89' lang='lat' dir='ltr'>puerum</span> <span class='ocrx_word' id='word_1_160' title='bbox 1697 1628 1850 1678; x_wconf 82' lang='lat' dir='ltr'>sumit,</span> 
     </span>
     <span class='ocr_line' id='line_1_23' title="bbox 365 1681 1852 1741; baseline 0.001 -14"><span class='ocrx_word' id='word_1_161' title='bbox 365 1700 488 1728; x_wconf 90' lang='lat' dir='ltr'>mare</span> <span class='ocrx_word' id='word_1_162' title='bbox 519 1681 754 1741; x_wconf 85' lang='lat' dir='ltr'>navigat¹,</span> <span class='ocrx_word' id='word_1_163' title='bbox 793 1687 851 1728; x_wconf 86' lang='lat' dir='ltr'>ad</span> <span class='ocrx_word' id='word_1_164' title='bbox 884 1686 1030 1729; x_wconf 81' lang='lat' dir='ltr'>Siler4</span> <span class='ocrx_word' id='word_1_165' title='bbox 1059 1686 1251 1728; x_wconf 86' lang='lat' dir='ltr'>fiuvium</span> <span class='ocrx_word' id='word_1_166' title='bbox 1283 1687 1503 1741; x_wconf 83' lang='lat' dir='ltr'>pervenit.</span> <span class='ocrx_word' id='word_1_167' title='bbox 1564 1686 1640 1728; x_wconf 92' lang='lat' dir='ltr'>Ibi</span> <span class='ocrx_word' id='word_1_168' title='bbox 1671 1687 1755 1728; x_wconf 89' lang='lat' dir='ltr'>sub</span> <span class='ocrx_word' id='word_1_169' title='bbox 1787 1699 1852 1728; x_wconf 83' lang='lat' dir='ltr'>ar-</span> 
     </span>
     <span class='ocr_line' id='line_1_24' title="bbox 366 1745 1852 1799; baseline -0.001 -12"><span class='ocrx_word' id='word_1_170' title='bbox 366 1745 474 1787; x_wconf 89' lang='lat' dir='ltr'>bore</span> <span class='ocrx_word' id='word_1_171' title='bbox 521 1746 717 1799; x_wconf 88' lang='lat' dir='ltr'>quadam</span> <span class='ocrx_word' id='word_1_172' title='bbox 767 1746 1102 1799; x_wconf 87' lang='lat' dir='ltr'>requiescentes</span> <span class='ocrx_word' id='word_1_173' title='bbox 1141 1748 1308 1787; x_wconf 83' lang='lat' dir='ltr'>vacant</span> <span class='ocrx_word' id='word_1_174' title='bbox 1348 1745 1644 1795; x_wconf 87' lang='lat' dir='ltr'>orationibus,</span> <span class='ocrx_word' id='word_1_175' title='bbox 1686 1745 1852 1799; x_wconf 87' lang='lat' dir='ltr'>aquilis</span> 
     </span>
     <span class='ocr_line' id='line_1_25' title="bbox 364 1804 1852 1859; baseline -0.001 -13"><span class='ocrx_word' id='word_1_176' title='bbox 364 1805 538 1847; x_wconf 86' lang='lat' dir='ltr'>victum</span> <span class='ocrx_word' id='word_1_177' title='bbox 569 1804 885 1846; x_wconf 83' lang='lat' dir='ltr'>cotidianum¹11</span> <span class='ocrx_word' id='word_1_178' title='bbox 915 1804 1297 1846; x_wconf 86' lang='lat' dir='ltr'>ministrantibus.</span> <span class='ocrx_word' id='word_1_179' title='bbox 1358 1804 1548 1859; x_wconf 89' lang='lat' dir='ltr'>Populis</span> <span class='ocrx_word' id='word_1_180' title='bbox 1585 1807 1716 1845; x_wconf 82' lang='lat' dir='ltr'>eum²1</span> <span class='ocrx_word' id='word_1_181' title='bbox 1752 1804 1852 1845; x_wconf 84' lang='lat' dir='ltr'>visi-</span> 
     </span>
     <span class='ocr_line' id='line_1_26' title="bbox 365 1862 1851 1918; baseline 0.001 -15"><span class='ocrx_word' id='word_1_182' title='bbox 365 1863 573 1905; x_wconf 90' lang='lat' dir='ltr'>tantibus</span> <span class='ocrx_word' id='word_1_183' title='bbox 605 1876 718 1917; x_wconf 89' lang='lat' dir='ltr'>puer</span> <span class='ocrx_word' id='word_1_184' title='bbox 738 1863 945 1918; x_wconf 88' lang='lat' dir='ltr'>predicat</span> <span class='ocrx_word' id='word_1_185' title='bbox 968 1862 1215 1912; x_wconf 84' lang='lat' dir='ltr'>Christum,</span> <span class='ocrx_word' id='word_1_186' title='bbox 1249 1863 1403 1917; x_wconf 86' lang='lat' dir='ltr'>plures</span> <span class='ocrx_word' id='word_1_187' title='bbox 1425 1863 1664 1913; x_wconf 88' lang='lat' dir='ltr'>convertit,</span> <span class='ocrx_word' id='word_1_188' title='bbox 1697 1862 1851 1917; x_wconf 82' lang='lat' dir='ltr'>plures</span> 
     </span>
     <span class='ocr_line' id='line_1_27' title="bbox 366 1921 1851 1977; baseline 0 -15"><span class='ocrx_word' id='word_1_189' title='bbox 366 1921 645 1976; x_wconf 87' lang='lat' dir='ltr'>baptismum</span> <span class='ocrx_word' id='word_1_190' title='bbox 692 1923 920 1977; x_wconf 87' lang='lat' dir='ltr'>suscipere</span> <span class='ocrx_word' id='word_1_191' title='bbox 965 1922 1093 1964; x_wconf 78' lang='lat' dir='ltr'>fecit.</span> <span class='ocrx_word' id='word_1_192' title='bbox 1169 1921 1280 1963; x_wconf 81' lang='lat' dir='ltr'>Post</span> <span class='ocrx_word' id='word_1_193' title='bbox 1326 1922 1440 1963; x_wconf 84' lang='lat' dir='ltr'>haec</span> <span class='ocrx_word' id='word_1_194' title='bbox 1486 1935 1514 1963; x_wconf 93' lang='lat' dir='ltr'>a</span> <span class='ocrx_word' id='word_1_195' title='bbox 1553 1921 1851 1963; x_wconf 87' lang='lat' dir='ltr'>Diocletiano</span> 
     </span>
     <span class='ocr_line' id='line_1_28' title="bbox 366 1979 1851 2035; baseline -0.001 -13"><span class='ocrx_word' id='word_1_196' title='bbox 366 1993 548 2022; x_wconf 86' lang='lat' dir='ltr'>caesare</span> <span class='ocrx_word' id='word_1_197' title='bbox 578 1982 768 2022; x_wconf 84' lang='lat' dir='ltr'>vocatus</span> <span class='ocrx_word' id='word_1_198' title='bbox 798 1981 990 2022; x_wconf 88' lang='lat' dir='ltr'>Romam</span> <span class='ocrx_word' id='word_1_199' title='bbox 1021 1980 1339 2035; x_wconf 88' lang='lat' dir='ltr'>proficiscitur,</span> <span class='ocrx_word' id='word_1_200' title='bbox 1373 1982 1420 2022; x_wconf 88' lang='lat' dir='ltr'>et</span> <span class='ocrx_word' id='word_1_201' title='bbox 1448 1980 1542 2021; x_wconf 92' lang='lat' dir='ltr'>filio</span> <span class='ocrx_word' id='word_1_202' title='bbox 1563 1979 1851 2034; x_wconf 87' lang='lat' dir='ltr'>imperatoris</span> 
     </span>
     <span class='ocr_line' id='line_1_29' title="bbox 365 2037 1852 2094; baseline -0.001 -14"><span class='ocrx_word' id='word_1_203' title='bbox 365 2051 446 2093; x_wconf 87' lang='lat' dir='ltr'>per</span> <span class='ocrx_word' id='word_1_204' title='bbox 488 2039 768 2081; x_wconf 86' lang='lat' dir='ltr'>orationem⁰</span> <span class='ocrx_word' id='word_1_205' title='bbox 806 2039 904 2081; x_wconf 90' lang='lat' dir='ltr'>Viti</span> <span class='ocrx_word' id='word_1_206' title='bbox 945 2053 971 2081; x_wconf 84' lang='lat' dir='ltr'>a</span> <span class='ocrx_word' id='word_1_207' title='bbox 1013 2040 1252 2082; x_wconf 87' lang='lat' dir='ltr'>daemonio</span> <span class='ocrx_word' id='word_1_208' title='bbox 1295 2041 1505 2094; x_wconf 88' lang='lat' dir='ltr'>purgato,</span> <span class='ocrx_word' id='word_1_209' title='bbox 1553 2038 1718 2080; x_wconf 79' lang='lat' dir='ltr'>thural&#39;</span> <span class='ocrx_word' id='word_1_210' title='bbox 1765 2037 1852 2080; x_wconf 89' lang='lat' dir='ltr'>diis</span> 
     </span>
     <span class='ocr_line' id='line_1_30' title="bbox 365 2097 1852 2153; baseline -0.001 -14"><span class='ocrx_word' id='word_1_211' title='bbox 365 2097 528 2139; x_wconf 85' lang='lat' dir='ltr'>offerre</span> <span class='ocrx_word' id='word_1_212' title='bbox 562 2097 780 2152; x_wconf 84' lang='lat' dir='ltr'>&#39;&#39;cogitur.</span> <span class='ocrx_word' id='word_1_213' title='bbox 852 2098 960 2139; x_wconf 84' lang='lat' dir='ltr'>Illiq</span> <span class='ocrx_word' id='word_1_214' title='bbox 996 2111 1103 2140; x_wconf 86' lang='lat' dir='ltr'>vero</span> <span class='ocrx_word' id='word_1_215' title='bbox 1144 2098 1330 2140; x_wconf 73' lang='lat' dir='ltr'>duriusr</span> <span class='ocrx_word' id='word_1_216' title='bbox 1366 2097 1633 2153; x_wconf 87' lang='lat' dir='ltr'>imperatori</span> <span class='ocrx_word' id='word_1_217' title='bbox 1671 2110 1852 2151; x_wconf 84' lang='lat' dir='ltr'>respon-</span> 
     </span>
     <span class='ocr_line' id='line_1_31' title="bbox 365 2155 1850 2211; baseline -0.001 -14"><span class='ocrx_word' id='word_1_218' title='bbox 365 2156 516 2206; x_wconf 87' lang='lat' dir='ltr'>dente,</span> <span class='ocrx_word' id='word_1_219' title='bbox 550 2156 709 2198; x_wconf 87' lang='lat' dir='ltr'>bestiis</span> <span class='ocrx_word' id='word_1_220' title='bbox 740 2157 963 2211; x_wconf 87' lang='lat' dir='ltr'>proicitur</span> <span class='ocrx_word' id='word_1_221' title='bbox 994 2170 1077 2199; x_wconf 88' lang='lat' dir='ltr'>nec</span> <span class='ocrx_word' id='word_1_222' title='bbox 1098 2157 1311 2199; x_wconf 88' lang='lat' dir='ltr'>laeditur.</span> <span class='ocrx_word' id='word_1_223' title='bbox 1365 2156 1543 2198; x_wconf 88' lang='lat' dir='ltr'>Deinde</span> <span class='ocrx_word' id='word_1_224' title='bbox 1574 2156 1623 2197; x_wconf 91' lang='lat' dir='ltr'>in</span> <span class='ocrx_word' id='word_1_225' title='bbox 1650 2155 1850 2198; x_wconf 87' lang='lat' dir='ltr'>medium</span> 
     </span>
     <span class='ocr_line' id='line_1_32' title="bbox 366 2214 1851 2270; baseline 0 -15"><span class='ocrx_word' id='word_1_226' title='bbox 366 2214 537 2256; x_wconf 86' lang='lat' dir='ltr'>clibani</span> <span class='ocrx_word' id='word_1_227' title='bbox 584 2215 787 2257; x_wconf 86' lang='lat' dir='ltr'>ardentis</span> <span class='ocrx_word' id='word_1_228' title='bbox 836 2216 1050 2266; x_wconf 84' lang='lat' dir='ltr'>iactatur,</span> <span class='ocrx_word' id='word_1_229' title='bbox 1093 2217 1165 2257; x_wconf 65' lang='grc' dir='ltr'>61]Β</span> <span class='ocrx_word' id='word_1_230' title='bbox 1213 2215 1377 2270; x_wconf 86' lang='lat' dir='ltr'>angelo</span> <span class='ocrx_word' id='word_1_231' title='bbox 1417 2215 1622 2256; x_wconf 82' lang='lat' dir='ltr'>flammas</span> <span class='ocrx_word' id='word_1_232' title='bbox 1662 2214 1851 2256; x_wconf 84' lang='lat' dir='ltr'>sedante</span> 
     </span>
     <span class='ocr_line' id='line_1_33' title="bbox 364 2272 1850 2328; baseline 0.001 -15"><span class='ocrx_word' id='word_1_233' title='bbox 364 2272 551 2314; x_wconf 85' lang='lat' dir='ltr'>illaesus</span> <span class='ocrx_word' id='word_1_234' title='bbox 593 2275 839 2328; x_wconf 87' lang='lat' dir='ltr'>egreditur.</span> <span class='ocrx_word' id='word_1_235' title='bbox 909 2274 1207 2316; x_wconf 89' lang='lat' dir='ltr'>Vinculorum</span> <span class='ocrx_word' id='word_1_236' title='bbox 1255 2274 1434 2328; x_wconf 87' lang='lat' dir='ltr'>ingenti</span> <span class='ocrx_word' id='word_1_237' title='bbox 1473 2273 1596 2315; x_wconf 87' lang='lat' dir='ltr'>ferro</span> <span class='ocrx_word' id='word_1_238' title='bbox 1636 2274 1850 2315; x_wconf 87' lang='lat' dir='ltr'>oneratus</span> 
     </span>
    </p>
   </div>
   <div class='ocr_carea' id='block_1_4' title="bbox 364 2395 1850 2433">
    <p class='ocr_par' dir='ltr' id='par_1_4' title="bbox 364 2395 1850 2433">
     <span class='ocr_line' id='line_1_34' title="bbox 364 2395 1850 2433; baseline -0.002 -7"><span class='ocrx_word' id='word_1_239' title='bbox 364 2402 394 2433; x_wconf 82' lang='lat' dir='ltr'>a)</span> <span class='ocrx_word' id='word_1_240' title='bbox 417 2401 480 2426; x_wconf 84' lang='lat' dir='ltr'>eius</span> <span class='ocrx_word' id='word_1_241' title='bbox 500 2408 555 2428; x_wconf 88' lang='lat' dir='ltr'>om.</span> <span class='ocrx_word' id='word_1_242' title='bbox 574 2401 636 2429; x_wconf 77' lang='lat'>132.</span> <span class='ocrx_word' id='word_1_243' title='bbox 724 2400 755 2432; x_wconf 85' lang='lat' dir='ltr'>b)</span> <span class='ocrx_word' id='word_1_244' title='bbox 779 2401 820 2425; x_wconf 76' lang='lat' dir='ltr'>sic</span> <span class='ocrx_word' id='word_1_245' title='bbox 838 2401 888 2426; x_wconf 89' lang='lat' dir='ltr'>Bl</span> <span class='ocrx_word' id='word_1_246' title='bbox 907 2401 937 2432; x_wconf 90' lang='lat' dir='ltr'>(r</span> <span class='ocrx_word' id='word_1_247' title='bbox 950 2403 1019 2432; x_wconf 74' lang='lat' dir='ltr'>post</span> <span class='ocrx_word' id='word_1_248' title='bbox 1037 2402 1194 2432; x_wconf 70' lang='lat' dir='ltr'>superscr.)</span> <span class='ocrx_word' id='word_1_249' title='bbox 1212 2402 1237 2424; x_wconf 78' lang='lat' dir='ltr'>et</span> <span class='ocrx_word' id='word_1_250' title='bbox 1257 2400 1294 2431; x_wconf 82' lang='lat' dir='ltr'>C,-</span> <span class='ocrx_word' id='word_1_251' title='bbox 1313 2399 1480 2425; x_wconf 82' lang='lat' dir='ltr'>nortmanni</span> <span class='ocrx_word' id='word_1_252' title='bbox 1499 2399 1534 2427; x_wconf 82' lang='lat' dir='ltr'>A.</span> <span class='ocrx_word' id='word_1_253' title='bbox 1552 2399 1636 2427; x_wconf 79' lang='lat' dir='ltr'>Frut.</span> <span class='ocrx_word' id='word_1_254' title='bbox 1655 2395 1757 2429; x_wconf 67' lang='lat' dir='ltr'>Saoeo,-&#39;</span> <span class='ocrx_word' id='word_1_255' title='bbox 1777 2398 1850 2423; x_wconf 75' lang='lat' dir='ltr'>Nor-</span> 
     </span>
    </p>
   </div>
   <div class='ocr_carea' id='block_1_5' title="bbox 364 2432 1853 2539">
    <p class='ocr_par' dir='ltr' id='par_1_5' title="bbox 364 2432 1853 2539">
     <span class='ocr_line' id='line_1_35' title="bbox 364 2432 1851 2469; baseline -0.001 -8"><span class='ocrx_word' id='word_1_256' title='bbox 364 2436 463 2462; x_wconf 85' lang='lat' dir='ltr'>mandi</span> <span class='ocrx_word' id='word_1_257' title='bbox 482 2436 543 2463; x_wconf 81' lang='lat'>132.</span> <span class='ocrx_word' id='word_1_258' title='bbox 624 2435 652 2469; x_wconf 85' lang='lat' dir='ltr'>c)</span> <span class='ocrx_word' id='word_1_259' title='bbox 671 2443 737 2461; x_wconf 86' lang='lat' dir='ltr'>cum</span> <span class='ocrx_word' id='word_1_260' title='bbox 757 2443 813 2462; x_wconf 91' lang='lat' dir='ltr'>om.</span> <span class='ocrx_word' id='word_1_261' title='bbox 830 2436 914 2462; x_wconf 76' lang='lat' dir='ltr'><strong><em>Frut.</em></strong></span> <span class='ocrx_word' id='word_1_262' title='bbox 935 2446 969 2458; x_wconf 93' lang='lat'>=</span> <span class='ocrx_word' id='word_1_263' title='bbox 988 2436 1084 2467; x_wconf 68' lang='lat' dir='ltr'>Saoe05</span> <span class='ocrx_word' id='word_1_264' title='bbox 1103 2436 1213 2467; x_wconf 74' lang='lat' dir='ltr'>suscip.</span> <span class='ocrx_word' id='word_1_265' title='bbox 1233 2442 1299 2460; x_wconf 87' lang='lat' dir='ltr'>cum</span> <span class='ocrx_word' id='word_1_266' title='bbox 1318 2436 1396 2460; x_wconf 89' lang='lat' dir='ltr'>omni</span> <span class='ocrx_word' id='word_1_267' title='bbox 1415 2438 1492 2468; x_wconf 82' lang='lat' dir='ltr'>grat.</span> <span class='ocrx_word' id='word_1_268' title='bbox 1511 2438 1569 2463; x_wconf 79' lang='lat' dir='ltr'>act.</span> <span class='ocrx_word' id='word_1_269' title='bbox 1587 2435 1614 2459; x_wconf 91' lang='lat' dir='ltr'><em>B</em></span> <span class='ocrx_word' id='word_1_270' title='bbox 1626 2435 1652 2460; x_wconf 81' lang='lat'>1.</span> <span class='ocrx_word' id='word_1_271' title='bbox 1734 2432 1765 2465; x_wconf 89' lang='lat' dir='ltr'>d)</span> <span class='ocrx_word' id='word_1_272' title='bbox 1784 2433 1851 2459; x_wconf 74' lang='lat' dir='ltr'>litia</span> 
     </span>
     <span class='ocr_line' id='line_1_36' title="bbox 364 2469 1853 2504; baseline -0.001 -8"><span class='ocrx_word' id='word_1_273' title='bbox 364 2472 432 2504; x_wconf 90' lang='lat' dir='ltr'>B1;</span> <span class='ocrx_word' id='word_1_274' title='bbox 453 2471 546 2504; x_wconf 85' lang='lat' dir='ltr'>Lycia</span> <span class='ocrx_word' id='word_1_275' title='bbox 564 2471 624 2499; x_wconf 87' lang='grc' dir='ltr'>Β2.</span> <span class='ocrx_word' id='word_1_276' title='bbox 715 2473 742 2503; x_wconf 88' lang='grc'>6)</span> <span class='ocrx_word' id='word_1_277' title='bbox 766 2478 888 2503; x_wconf 83' lang='lat' dir='ltr'>praeses</span> <span class='ocrx_word' id='word_1_278' title='bbox 906 2471 971 2503; x_wconf 80' lang='lat' dir='ltr'>ipsc</span> <span class='ocrx_word' id='word_1_279' title='bbox 991 2471 1051 2498; x_wconf 83' lang='grc' dir='ltr'>Β2.</span> <span class='ocrx_word' id='word_1_280' title='bbox 1141 2471 1165 2502; x_wconf 84' lang='lat' dir='ltr'>f)</span> <span class='ocrx_word' id='word_1_281' title='bbox 1191 2470 1376 2496; x_wconf 82' lang='lat' dir='ltr'>simulachris</span> <span class='ocrx_word' id='word_1_282' title='bbox 1396 2472 1432 2498; x_wconf 81' lang='grc' dir='ltr'>Α.</span> <span class='ocrx_word' id='word_1_283' title='bbox 1451 2470 1515 2496; x_wconf 71' lang='lat'>132.</span> <span class='ocrx_word' id='word_1_284' title='bbox 1611 2471 1640 2502; x_wconf 83' lang='lat' dir='ltr'>g)</span> <span class='ocrx_word' id='word_1_285' title='bbox 1665 2469 1797 2495; x_wconf 73' lang='lat' dir='ltr'>restituti</span> <span class='ocrx_word' id='word_1_286' title='bbox 1821 2469 1853 2497; x_wconf 72' lang='lat' dir='ltr'>C.</span> 
     </span>
     <span class='ocr_line' id='line_1_37' title="bbox 365 2503 1851 2539; baseline -0.001 -7"><span class='ocrx_word' id='word_1_287' title='bbox 365 2505 396 2539; x_wconf 91' lang='lat' dir='ltr'>h)</span> <span class='ocrx_word' id='word_1_288' title='bbox 421 2505 540 2532; x_wconf 83' lang='lat' dir='ltr'>reduxit</span> <span class='ocrx_word' id='word_1_289' title='bbox 558 2514 612 2534; x_wconf 88' lang='lat' dir='ltr'>om.</span> <span class='ocrx_word' id='word_1_290' title='bbox 630 2507 693 2532; x_wconf 86' lang='lat' dir='ltr'>Bl.</span> <span class='ocrx_word' id='word_1_291' title='bbox 802 2507 823 2538; x_wconf 83' lang='lat' dir='ltr'>i)</span> <span class='ocrx_word' id='word_1_292' title='bbox 849 2507 932 2532; x_wconf 82' lang='lat' dir='ltr'>Hilas</span> <span class='ocrx_word' id='word_1_293' title='bbox 950 2507 1019 2539; x_wconf 78' lang='lat' dir='ltr'>B23</span> <span class='ocrx_word' id='word_1_294' title='bbox 1042 2506 1106 2539; x_wconf 84' lang='lat' dir='ltr'>ylas</span> <span class='ocrx_word' id='word_1_295' title='bbox 1126 2507 1157 2533; x_wconf 81' lang='lat' dir='ltr'>C.</span> <span class='ocrx_word' id='word_1_296' title='bbox 1266 2505 1298 2538; x_wconf 89' lang='lat' dir='ltr'>k)</span> <span class='ocrx_word' id='word_1_297' title='bbox 1325 2504 1422 2539; x_wconf 84' lang='lat' dir='ltr'>ydolis</span> <span class='ocrx_word' id='word_1_298' title='bbox 1447 2506 1483 2532; x_wconf 74' lang='lat' dir='ltr'>A.</span> <span class='ocrx_word' id='word_1_299' title='bbox 1593 2505 1615 2536; x_wconf 92' lang='lat' dir='ltr'>l)</span> <span class='ocrx_word' id='word_1_300' title='bbox 1639 2504 1794 2536; x_wconf 79' lang='lat' dir='ltr'>nauigauit</span> <span class='ocrx_word' id='word_1_301' title='bbox 1820 2503 1851 2531; x_wconf 85' lang='lat' dir='ltr'>G.</span> 
     </span>
    </p>
   </div>
   <div class='ocr_carea' id='block_1_6' title="bbox 364 2538 1850 2610">
    <p class='ocr_par' dir='ltr' id='par_1_6' title="bbox 364 2538 1850 2610">
     <span class='ocr_line' id='line_1_38' title="bbox 366 2538 1850 2574; baseline -0.002 -7"><span class='ocrx_word' id='word_1_302' title='bbox 366 2543 406 2574; x_wconf 89' lang='lat' dir='ltr'>m)</span> <span class='ocrx_word' id='word_1_303' title='bbox 431 2542 624 2567; x_wconf 80' lang='lat' dir='ltr'>cottidianum</span> <span class='ocrx_word' id='word_1_304' title='bbox 649 2540 923 2568; x_wconf 78' lang='lat' dir='ltr'>administrantibus</span> <span class='ocrx_word' id='word_1_305' title='bbox 946 2542 973 2567; x_wconf 88' lang='lat' dir='ltr'><em>B</em></span> <span class='ocrx_word' id='word_1_306' title='bbox 987 2542 1012 2570; x_wconf 83' lang='lat'>1.</span> <span class='ocrx_word' id='word_1_307' title='bbox 1101 2540 1131 2574; x_wconf 91' lang='lat' dir='ltr'>n)</span> <span class='ocrx_word' id='word_1_308' title='bbox 1157 2541 1234 2566; x_wconf 84' lang='lat' dir='ltr'>enim</span> <span class='ocrx_word' id='word_1_309' title='bbox 1260 2541 1290 2568; x_wconf 88' lang='lat' dir='ltr'>C.</span> <span class='ocrx_word' id='word_1_310' title='bbox 1379 2542 1407 2572; x_wconf 93' lang='lat' dir='ltr'>o)</span> <span class='ocrx_word' id='word_1_311' title='bbox 1431 2541 1513 2566; x_wconf 85' lang='lat' dir='ltr'>beati</span> <span class='ocrx_word' id='word_1_312' title='bbox 1536 2546 1589 2565; x_wconf 73' lang='lat' dir='ltr'>sec.</span> <span class='ocrx_word' id='word_1_313' title='bbox 1612 2547 1700 2565; x_wconf 78' lang='lat' dir='ltr'>manu</span> <span class='ocrx_word' id='word_1_314' title='bbox 1727 2540 1794 2567; x_wconf 82' lang='lat' dir='ltr'>add.</span> <span class='ocrx_word' id='word_1_315' title='bbox 1818 2538 1850 2571; x_wconf 77' lang='grc' dir='ltr'>Ο,</span> 
     </span>
     <span class='ocr_line' id='line_1_39' title="bbox 364 2575 1685 2610; baseline 0.001 -8"><span class='ocrx_word' id='word_1_316' title='bbox 364 2577 436 2603; x_wconf 75' lang='lat' dir='ltr'>sicut</span> <span class='ocrx_word' id='word_1_317' title='bbox 454 2578 578 2609; x_wconf 72' lang='lat' dir='ltr'>saepius.</span> <span class='ocrx_word' id='word_1_318' title='bbox 651 2576 683 2610; x_wconf 89' lang='lat' dir='ltr'>p)</span> <span class='ocrx_word' id='word_1_319' title='bbox 702 2579 769 2602; x_wconf 81' lang='lat' dir='ltr'>tura</span> <span class='ocrx_word' id='word_1_320' title='bbox 787 2578 819 2605; x_wconf 79' lang='lat' dir='ltr'>C.</span> <span class='ocrx_word' id='word_1_321' title='bbox 889 2576 921 2610; x_wconf 83' lang='lat' dir='ltr'>q)</span> <span class='ocrx_word' id='word_1_322' title='bbox 940 2577 995 2602; x_wconf 90' lang='lat' dir='ltr'>Illo</span> <span class='ocrx_word' id='word_1_323' title='bbox 1014 2576 1075 2604; x_wconf 76' lang='lat'>132.</span> <span class='ocrx_word' id='word_1_324' title='bbox 1147 2578 1173 2608; x_wconf 91' lang='lat' dir='ltr'>r)</span> <span class='ocrx_word' id='word_1_325' title='bbox 1193 2576 1302 2602; x_wconf 82' lang='lat' dir='ltr'>diutius</span> <span class='ocrx_word' id='word_1_326' title='bbox 1321 2576 1382 2603; x_wconf 89' lang='lat' dir='ltr'>Bl.</span> <span class='ocrx_word' id='word_1_327' title='bbox 1454 2577 1479 2607; x_wconf 89' lang='lat' dir='ltr'>s)</span> <span class='ocrx_word' id='word_1_328' title='bbox 1497 2578 1529 2602; x_wconf 85' lang='lat' dir='ltr'>et</span> <span class='ocrx_word' id='word_1_329' title='bbox 1548 2582 1603 2603; x_wconf 86' lang='lat' dir='ltr'>om.</span> <span class='ocrx_word' id='word_1_330' title='bbox 1620 2575 1685 2603; x_wconf 74' lang='lat' dir='ltr'>Bi.</span> 
     </span>
    </p>
   </div>
   <div class='ocr_carea' id='block_1_7' title="bbox 360 2667 1852 2994">
    <p class='ocr_par' dir='ltr' id='par_1_7' title="bbox 360 2667 1852 2994">
     <span class='ocr_line' id='line_1_40' title="bbox 366 2667 1851 2715; baseline -0.004 -8"><span class='ocrx_word' id='word_1_331' title='bbox 366 2670 403 2715; x_wconf 92' lang='grc'>1)</span> <span class='ocrx_word' id='word_1_332' title='bbox 436 2670 619 2714; x_wconf 77' lang='lat' dir='ltr'>Reliquiae</span> <span class='ocrx_word' id='word_1_333' title='bbox 643 2671 679 2707; x_wconf 85' lang='lat' dir='ltr'>S.</span> <span class='ocrx_word' id='word_1_334' title='bbox 703 2671 779 2705; x_wconf 75' lang='lat' dir='ltr'>Viti</span> <span class='ocrx_word' id='word_1_335' title='bbox 801 2681 835 2706; x_wconf 89' lang='lat' dir='ltr'>a.</span> <span class='ocrx_word' id='word_1_336' title='bbox 860 2671 942 2706; x_wconf 82' lang='lat'>836.</span> <span class='ocrx_word' id='word_1_337' title='bbox 973 2671 1014 2704; x_wconf 81' lang='lat' dir='ltr'>in</span> <span class='ocrx_word' id='word_1_338' title='bbox 1039 2670 1221 2705; x_wconf 74' lang='lat' dir='ltr'>Gorbeiam</span> <span class='ocrx_word' id='word_1_339' title='bbox 1254 2669 1453 2703; x_wconf 74' lang='lat' dir='ltr'>translatae</span> <span class='ocrx_word' id='word_1_340' title='bbox 1484 2673 1593 2710; x_wconf 55' lang='lat' dir='ltr'>sunm</span> <span class='ocrx_word' id='word_1_341' title='bbox 1626 2672 1657 2702; x_wconf 80' lang='lat' dir='ltr'>et</span> <span class='ocrx_word' id='word_1_342' title='bbox 1691 2668 1774 2701; x_wconf 71' lang='lat' dir='ltr'>inde</span> <span class='ocrx_word' id='word_1_343' title='bbox 1805 2667 1851 2701; x_wconf 83' lang='lat' dir='ltr'>ab</span> 
     </span>
     <span class='ocr_line' id='line_1_41' title="bbox 365 2714 1848 2754; baseline -0.001 -3"><span class='ocrx_word' id='word_1_344' title='bbox 365 2719 473 2751; x_wconf 81' lang='lat' dir='ltr'>annis</span> <span class='ocrx_word' id='word_1_345' title='bbox 496 2719 578 2753; x_wconf 87' lang='lat'><strong><em>834.</em></strong></span> <span class='ocrx_word' id='word_1_346' title='bbox 608 2721 639 2752; x_wconf 81' lang='lat' dir='ltr'>et</span> <span class='ocrx_word' id='word_1_347' title='bbox 671 2719 753 2754; x_wconf 89' lang='grc'><strong>836.</strong></span> <span class='ocrx_word' id='word_1_348' title='bbox 802 2718 1121 2752; x_wconf 81' lang='lat' dir='ltr'>Nordmannorum</span> <span class='ocrx_word' id='word_1_349' title='bbox 1154 2718 1375 2751; x_wconf 73' lang='lat' dir='ltr'>incursiones</span> <span class='ocrx_word' id='word_1_350' title='bbox 1406 2727 1446 2750; x_wconf 79' lang='lat' dir='ltr'>re</span> <span class='ocrx_word' id='word_1_351' title='bbox 1476 2727 1559 2750; x_wconf 79' lang='lat' dir='ltr'>vera</span> <span class='ocrx_word' id='word_1_352' title='bbox 1593 2714 1848 2750; x_wconf 79' lang='lat' dir='ltr'>increbuerunt.</span> 
     </span>
     <span class='ocr_line' id='line_1_42' title="bbox 364 2762 1850 2808; baseline -0.003 -8"><span class='ocrx_word' id='word_1_353' title='bbox 364 2765 401 2807; x_wconf 84' lang='lat'>2)</span> <span class='ocrx_word' id='word_1_354' title='bbox 434 2764 534 2805; x_wconf 78' lang='lat' dir='ltr'><em>Quod</em></span> <span class='ocrx_word' id='word_1_355' title='bbox 556 2765 717 2808; x_wconf 79' lang='lat' dir='ltr'>sequitur</span> <span class='ocrx_word' id='word_1_356' title='bbox 739 2765 832 2803; x_wconf 71' lang='lat' dir='ltr'>Wid,</span> <span class='ocrx_word' id='word_1_357' title='bbox 857 2775 902 2799; x_wconf 64' lang='grc' dir='ltr'>εει·</span> <span class='ocrx_word' id='word_1_358' title='bbox 926 2765 1094 2798; x_wconf 74' lang='lat' dir='ltr'>Passione</span> <span class='ocrx_word' id='word_1_359' title='bbox 1119 2764 1155 2799; x_wconf 90' lang='lat' dir='ltr'>S.</span> <span class='ocrx_word' id='word_1_360' title='bbox 1178 2764 1254 2797; x_wconf 77' lang='lat' dir='ltr'>Viti</span> <span class='ocrx_word' id='word_1_361' title='bbox 1275 2774 1362 2799; x_wconf 73' lang='lat' dir='ltr'>saec.</span> <span class='ocrx_word' id='word_1_362' title='bbox 1384 2763 1447 2798; x_wconf 83' lang='lat' dir='ltr'>VI.</span> <span class='ocrx_word' id='word_1_363' title='bbox 1472 2763 1526 2796; x_wconf 83' lang='lat' dir='ltr'>vel</span> <span class='ocrx_word' id='word_1_364' title='bbox 1552 2762 1635 2798; x_wconf 86' lang='lat' dir='ltr'><strong><em>VII.</em></strong></span> <span class='ocrx_word' id='word_1_365' title='bbox 1659 2762 1850 2806; x_wconf 71' lang='lat' dir='ltr'>composita</span> 
     </span>
     <span class='ocr_line' id='line_1_43' title="bbox 365 2809 1849 2855; baseline 0 -11"><span class='ocrx_word' id='word_1_366' title='bbox 365 2812 547 2855; x_wconf 65' lang='lat' dir='ltr'>concerpsit,</span> <span class='ocrx_word' id='word_1_367' title='bbox 583 2822 691 2855; x_wconf 80' lang='lat' dir='ltr'>quam</span> <span class='ocrx_word' id='word_1_368' title='bbox 723 2812 800 2846; x_wconf 75' lang='lat' dir='ltr'>vide</span> <span class='ocrx_word' id='word_1_369' title='bbox 832 2813 873 2845; x_wconf 83' lang='lat' dir='ltr'>in</span> <span class='ocrx_word' id='word_1_370' title='bbox 896 2811 996 2845; x_wconf 72' lang='lat' dir='ltr'>Actis</span> <span class='ocrx_word' id='word_1_371' title='bbox 1020 2811 1082 2847; x_wconf 82' lang='lat' dir='ltr'>SS.</span> <span class='ocrx_word' id='word_1_372' title='bbox 1108 2811 1274 2846; x_wconf 81' lang='lat' dir='ltr'>Bolland.</span> <span class='ocrx_word' id='word_1_373' title='bbox 1308 2810 1390 2845; x_wconf 83' lang='lat' dir='ltr'>Iun.</span> <span class='ocrx_word' id='word_1_374' title='bbox 1417 2811 1472 2845; x_wconf 87' lang='lat'>15.</span> <span class='ocrx_word' id='word_1_375' title='bbox 1506 2809 1559 2851; x_wconf 87' lang='lat' dir='ltr'>II,</span> <span class='ocrx_word' id='word_1_376' title='bbox 1588 2820 1628 2852; x_wconf 82' lang='lat' dir='ltr'>p.</span> <span class='ocrx_word' id='word_1_377' title='bbox 1656 2810 1746 2845; x_wconf 80' lang='lat'>1021</span> <span class='ocrx_word' id='word_1_378' title='bbox 1764 2818 1849 2852; x_wconf 70' lang='lat' dir='ltr'>sqq„</span> 
     </span>
     <span class='ocr_line' id='line_1_44' title="bbox 365 2855 1852 2903; baseline -0.001 -13"><span class='ocrx_word' id='word_1_379' title='bbox 365 2858 417 2892; x_wconf 84' lang='lat' dir='ltr'>ed.</span> <span class='ocrx_word' id='word_1_380' title='bbox 439 2859 566 2893; x_wconf 66' lang='lat' dir='ltr'>novis-9.</span> <span class='ocrx_word' id='word_1_381' title='bbox 583 2858 657 2902; x_wconf 87' lang='lat' dir='ltr'>HI,</span> <span class='ocrx_word' id='word_1_382' title='bbox 680 2870 718 2903; x_wconf 75' lang='lat' dir='ltr'>p.</span> <span class='ocrx_word' id='word_1_383' title='bbox 735 2860 806 2895; x_wconf 86' lang='lat'>499</span> <span class='ocrx_word' id='word_1_384' title='bbox 822 2869 896 2902; x_wconf 78' lang='lat' dir='ltr'>sqq.</span> <span class='ocrx_word' id='word_1_385' title='bbox 993 2859 1028 2902; x_wconf 90' lang='lat'>3)</span> <span class='ocrx_word' id='word_1_386' title='bbox 1059 2858 1118 2892; x_wconf 81' lang='lat' dir='ltr'>Sic</span> <span class='ocrx_word' id='word_1_387' title='bbox 1141 2858 1267 2892; x_wconf 79' lang='lat' dir='ltr'>habent</span> <span class='ocrx_word' id='word_1_388' title='bbox 1286 2867 1358 2901; x_wconf 78' lang='lat' dir='ltr'>pro</span> <span class='ocrx_word' id='word_1_389' title='bbox 1375 2855 1500 2890; x_wconf 87' lang='lat' dir='ltr'>Sicilia</span> <span class='ocrx_word' id='word_1_390' title='bbox 1523 2860 1554 2889; x_wconf 80' lang='lat' dir='ltr'>et</span> <span class='ocrx_word' id='word_1_391' title='bbox 1577 2857 1699 2899; x_wconf 73' lang='lat' dir='ltr'>plures</span> <span class='ocrx_word' id='word_1_392' title='bbox 1722 2856 1852 2890; x_wconf 69' lang='lat' dir='ltr'>codices</span> 
     </span>
     <span class='ocr_line' id='line_1_45' title="bbox 364 2902 1850 2948; baseline -0.001 -11"><span class='ocrx_word' id='word_1_393' title='bbox 364 2905 480 2947; x_wconf 70' lang='lat' dir='ltr'>ipsius</span> <span class='ocrx_word' id='word_1_394' title='bbox 503 2905 696 2941; x_wconf 71' lang='lat' dir='ltr'>Passionis.</span> <span class='ocrx_word' id='word_1_395' title='bbox 747 2906 803 2948; x_wconf 78' lang='lat' dir='ltr'>Of.</span> <span class='ocrx_word' id='word_1_396' title='bbox 828 2907 918 2939; x_wconf 74' lang='lat' dir='ltr'>Acta</span> <span class='ocrx_word' id='word_1_397' title='bbox 943 2905 1007 2941; x_wconf 83' lang='lat' dir='ltr'>SS.</span> <span class='ocrx_word' id='word_1_398' title='bbox 1034 2905 1056 2940; x_wconf 89' lang='lat' dir='ltr'>l.</span> <span class='ocrx_word' id='word_1_399' title='bbox 1083 2905 1105 2941; x_wconf 91' lang='lat' dir='ltr'>l.</span> <span class='ocrx_word' id='word_1_400' title='bbox 1130 2915 1170 2948; x_wconf 80' lang='lat' dir='ltr'>p.</span> <span class='ocrx_word' id='word_1_401' title='bbox 1197 2906 1277 2946; x_wconf 87' lang='lat'>501,</span> <span class='ocrx_word' id='word_1_402' title='bbox 1303 2915 1339 2939; x_wconf 87' lang='lat' dir='ltr'>n.</span> <span class='ocrx_word' id='word_1_403' title='bbox 1364 2903 1400 2939; x_wconf 92' lang='lat' dir='ltr'>b.</span> <span class='ocrx_word' id='word_1_404' title='bbox 1499 2903 1536 2948; x_wconf 90' lang='lat'>4)</span> <span class='ocrx_word' id='word_1_405' title='bbox 1561 2902 1675 2937; x_wconf 77' lang='lat' dir='ltr'>Hodie</span> <span class='ocrx_word' id='word_1_406' title='bbox 1698 2902 1783 2946; x_wconf 86' lang='lat' dir='ltr'>Sele,</span> <span class='ocrx_word' id='word_1_407' title='bbox 1810 2903 1850 2936; x_wconf 77' lang='lat' dir='ltr'>in</span> 
     </span>
     <span class='ocr_line' id='line_1_46' title="bbox 360 2951 817 2994; baseline 0.009 -11"><span class='ocrx_word' id='word_1_408' title='bbox 360 2952 549 2994; x_wconf 74' lang='lat' dir='ltr'>provincia</span> <span class='ocrx_word' id='word_1_409' title='bbox 574 2951 817 2988; x_wconf 83' lang='lat' dir='ltr'>Salernitana.</span> 
     </span>
    </p>
   </div>
   <div class='ocr_carea' id='block_1_8' title="bbox 1877 693 1894 719">
    <p class='ocr_par' dir='ltr' id='par_1_8' title="bbox 1877 693 1894 719">
     <span class='ocr_line' id='line_1_47' title="bbox 1877 693 1894 719; baseline 0 0"><span class='ocrx_word' id='word_1_410' title='bbox 1877 693 1894 719; x_wconf 84' lang='lat'><strong>5</strong></span> 
     </span>
    </p>
   </div>
   <div class='ocr_carea' id='block_1_9' title="bbox 1878 999 1912 1024">
    <p class='ocr_par' dir='ltr' id='par_1_9' title="bbox 1878 999 1912 1024">
     <span class='ocr_line' id='line_1_48' title="bbox 1878 999 1912 1024; baseline 0.029 -1"><span class='ocrx_word' id='word_1_411' title='bbox 1878 999 1912 1024; x_wconf 92' lang='grc'>10</span> 
     </span>
    </p>
   </div>
   <div class='ocr_carea' id='block_1_10' title="bbox 1878 1291 1911 1316">
    <p class='ocr_par' dir='ltr' id='par_1_10' title="bbox 1878 1291 1911 1316">
     <span class='ocr_line' id='line_1_49' title="bbox 1878 1291 1911 1316; baseline 0 0"><span class='ocrx_word' id='word_1_412' title='bbox 1878 1291 1911 1316; x_wconf 81' lang='lat'>15</span> 
     </span>
    </p>
   </div>
   <div class='ocr_carea' id='block_1_11' title="bbox 1876 1585 1912 1611">
    <p class='ocr_par' dir='ltr' id='par_1_11' title="bbox 1876 1585 1912 1611">
     <span class='ocr_line' id='line_1_50' title="bbox 1876 1585 1912 1611; baseline 0 0"><span class='ocrx_word' id='word_1_413' title='bbox 1876 1585 1912 1611; x_wconf 78' lang='lat'>20</span> 
     </span>
    </p>
   </div>
   <div class='ocr_carea' id='block_1_12' title="bbox 1875 1878 1911 1904">
    <p class='ocr_par' dir='ltr' id='par_1_12' title="bbox 1875 1878 1911 1904">
     <span class='ocr_line' id='line_1_51' title="bbox 1875 1878 1911 1904; baseline 0 0"><span class='ocrx_word' id='word_1_414' title='bbox 1875 1878 1911 1904; x_wconf 75' lang='lat'>25</span> 
     </span>
    </p>
   </div>
   <div class='ocr_carea' id='block_1_13' title="bbox 1970 0 2034 2163">
    <p class='ocr_par' dir='ltr' id='par_1_13' title="bbox 1970 0 2034 2163">
     <span class='ocr_line' id='line_1_52' title="bbox 1970 0 2034 2163; baseline 0 0"><span class='ocrx_word' id='word_1_415' title='bbox 1970 0 2034 2163; x_wconf 95' lang='lat' dir='ltr'> </span> 
     </span>
    </p>
   </div>
   <div class='ocr_carea' id='block_1_14' title="bbox 1876 2114 1995 2197">
    <p class='ocr_par' dir='ltr' id='par_1_14' title="bbox 1876 2114 1995 2197">
     <span class='ocr_line' id='line_1_53' title="bbox 1877 2114 1995 2146; baseline -0.008 -5"><span class='ocrx_word' id='word_1_416' title='bbox 1877 2114 1924 2146; x_wconf 67' lang='lat'>‘2²-</span> <span class='ocrx_word' id='word_1_417' title='bbox 1933 2115 1995 2143; x_wconf 74' lang='lat'>482.</span> 
     </span>
     <span class='ocr_line' id='line_1_54' title="bbox 1876 2171 1977 2197; baseline -0.03 0"><span class='ocrx_word' id='word_1_418' title='bbox 1876 2171 1911 2197; x_wconf 75' lang='lat'>80</span> <span class='ocrx_word' id='word_1_419' title='bbox 1974 2191 1977 2194; x_wconf 96' lang='lat'><strong><em>.</em></strong></span> 
     </span>
    </p>
   </div>
   <div class='ocr_carea' id='block_1_15' title="bbox 1876 2468 1910 2495">
    <p class='ocr_par' dir='ltr' id='par_1_15' title="bbox 1876 2468 1910 2495">
     <span class='ocr_line' id='line_1_55' title="bbox 1876 2468 1910 2495; baseline 0 0"><span class='ocrx_word' id='word_1_420' title='bbox 1876 2468 1910 2495; x_wconf 74' lang='lat'>³5</span> 
     </span>
    </p>
   </div>
   <div class='ocr_carea' id='block_1_16' title="bbox 1991 2739 2034 3380">
    <p class='ocr_par' dir='ltr' id='par_1_16' title="bbox 1991 2739 2034 3380">
     <span class='ocr_line' id='line_1_56' title="bbox 1991 2739 2034 3380; baseline 0 0"><span class='ocrx_word' id='word_1_421' title='bbox 1991 2739 2034 3380; x_wconf 95' lang='lat' dir='ltr'> </span> 
     </span>
    </p>
   </div>
  </div>
 </body>
</html>
