2034 3380
304 459 383 492 933.

304 1102 384 1136 935.

399 333 444 368 50
994 325 1286 362 WIDUKINDI

399 449 546 491 cultui
578 447 885 502 mancipavit1
917 450 963 490 et
999 448 1321 503 largitionibus
1364 460 1616 502 pauperum
1657 448 1882 491 deservire

399 507 655 549 constituit.
729 506 906 549 Deinde
953 509 1085 562 pater
1131 507 1318 561 patriae,
1360 520 1512 548 rerum
1554 506 1764 548 dominus
1803 507 1882 548 im—

398 568 670 620 peratorque
702 565 758 607 ab
791 566 994 607 exercitu
1024 565 1314 621 appellatus?
1339 565 1511 606 famam
1538 565 1773 620 potentiae
1799 566 1883 607 vir-

397 625 602 679 tutisque
655 625 831 666 cunctis
883 624 1098 679 gentibus
1150 626 1224 666 eta
1275 624 1459 678 regibus
1511 623 1647 678 longe
1698 623 1882 678 lateque

399 683 600 725 diffudit.
653 683 787 725 Unde
819 686 866 725 et
897 683 1091 725 aliorum
1123 697 1368 737 regnorum
1400 696 1607 738 proceres
1639 697 1744 725 eum
1765 682 1883 725 adie-

397 745 520 792 runt,
553 742 838 797 gratiamque
868 742 917 782 in
949 744 1198 796 conspectu
1228 742 1325 783 eius
1356 742 1560 783 invenire
1597 744 1881 795 quaerentes,

398 801 534 843 fidem
565 801 673 842 talis
705 815 757 842 ac
788 800 911 842 tanti
942 801 1027 842 viri
1064 801 1303 855 probatam
1345 800 1567 842 habentes
1609 800 1882 842 dilexerunt.

399 860 530 902 Inter
570 873 681 914 quos
713 855 1077 901 Hiriberhtusb·3
1125 872 1266 913 gener
1296 859 1508 913 Hugonis
1519 859 1548 908 4,
1582 873 1683 900 cum
1727 859 1770 901 ei
1810 859 1883 900 ad-

397 922 655 960 versaretur
700 917 998 968 Rothulfus⁰‚
1053 919 1212 959 contra
1261 917 1332 958 ius
1383 917 1572 971 fasque⁵
1622 929 1755 959 omne
1805 931 1884 959 rex

401 978 693 1025 constitutus,
735 979 788 1017 ut
825 973 895 1018 eid
931 976 1054 1030 apud
1095 976 1330 1017 dominum
1370 989 1501 1016 suum
1542 978 1649 1030 proe
1687 975 1884 1030 presidio

399 1037 531 1084 esset,
564 1035 854 1090 supplicavit.
918 1035 1022 1089 Ipse
1055 1035 1175 1076 enim
1208 1048 1286 1076 rex
1320 1034 1429 1075 talis
1469 1037 1579 1084 erat,
1623 1034 1701 1088 qui
1739 1034 1885 1076 nichil

398 1095 588 1148 negaret
620 1094 790 1135 amicis.
852 1093 1058 1135 Perrexit
1089 1088 1260 1148 igiturf
1298 1091 1509 1143 Galliam,
1548 1092 1701 1134 rexg·⁶
1731 1106 1885 1147 regem

399 1152 662 1207 alloquitur,
697 1155 743 1194 et
774 1152 979 1207 perfecto
1001 1152 1188 1206 negotio
1209 1165 1415 1194 reversus
1437 1154 1506 1194 est
1526 1152 1575 1192 in
1598 1151 1841 1193 Saxoniam
1857 1151 1884 1192 ⁷.

400 1211 605 1266 Cumque
638 1213 756 1253 esset
787 1212 833 1252 in
867 1211 1112 1253 exaltando
1144 1213 1328 1265 gentem
1361 1224 1502 1260 suam,
1535 1224 1665 1252 rarus
1689 1210 1782 1252 fuit
1804 1212 1886 1252 aut

399 1270 554 1311 nullus
594 1270 933 1312 nominatorum
973 1270 1174 1311 virorum
1214 1270 1264 1310 in
1304 1265 1455 1311 omnih
1499 1269 1707 1320 Saxonia,
1749 1283 1885 1323 quem

399 1329 605 1383 preclaro
653 1342 837 1371 munere
879 1330 960 1370 aut
1000 1329 1154 1370 officio
1193 1329 1267 1370 vel
1308 1328 1463 1383 aliqua
1503 1330 1749 1382 quaestura
1791 1341 1886 1369 non

399 1390 698 1442 promoveret.
762 1387 820 1428 Et
853 1401 955 1429 cum
987 1388 1165 1441 ingenti
1206 1387 1400 1442 polleret
1436 1387 1682 1442 prudentia
1713 1387 1885 1440 sapien-

399 1447 568 1501 tiaque,
631 1447 821 1489 accessit
874 1449 920 1488 et
972 1446 1112 1488 moles
1165 1446 1377 1501 corporis,
1429 1446 1581 1500 regiae
1634 1440 1875 1499 dignitatii

399 1519 579 1547 omnem
626 1506 797 1547 addens
845 1506 1066 1547 decorem.
1138 1505 1195 1545 In
1242 1501 1499 1547 exercitiisk
1534 1517 1713 1558 quoque
1753 1498 1876 1545 ludil

398 1567 532 1605 tanta
571 1564 821 1606 eminentia
852 1564 1098 1618 superabat
1129 1577 1298 1613 omnes,
1340 1565 1393 1604 ut
1432 1565 1653 1605 terrorem
1693 1562 1885 1604 caeteris

400 1624 667 1664 ostentaret.
729 1622 787 1663 In
818 1623 1094 1664 venationem
1124 1624 1221 1671 tam
1254 1622 1527 1663 acerrimusn
1565 1623 1675 1672 erat,
1708 1623 1762 1662 ut
1792 1635 1886 1662 una

399 1681 523 1723 vice⁰
562 1681 892 1735 quadragintap
932 1683 1012 1722 aut
1055 1695 1107 1722 eo
1150 1681 1347 1735 amplius
1387 1681 1508 1723 feras
1550 1682 1748 1735 caperet.
1825 1679 1885 1720 Et

399 1740 510 1782 licet
539 1741 589 1781 in
621 1740 839 1782 conviviis
871 1740 981 1781 satis
1013 1740 1235 1781 iocundus
1276 1741 1407 1789 esset,
1449 1742 1606 1781 tamen
1646 1738 1790 1781 nichil
1821 1752 1886 1780 re·

399 1799 515 1853 galis
563 1799 831 1854 disciplinae
879 1799 1129 1840 minuebat.
1206 1799 1432 1840 Tantum‘l
1481 1798 1602 1839 enim
1647 1798 1879 1839 favoremr

400 1858 572 1912 pariter
623 1860 669 1900 et
719 1858 931 1900 timorem
983 1857 1208 1899 militibus
1258 1857 1578 1907 infundebat‘l,
1631 1858 1685 1897 ut
1745 1856 1882 1898 etiam

400 1917 605 1958 ludentis
645 1931 738 1958 non
770 1917 1007 1958 crederent
1039 1917 1097 1958 ad
1129 1916 1330 1970 aliquam
1368 1915 1601 1957 lasciviam
1642 1928 1689 1957 se
1731 1914 1885 1956 dissol-

399 1973 687 2017 vendumt·8.

542 2034 639 2075 XL.
722 2033 837 2075 Cum
890 2035 1045 2075 autem
1097 2047 1252 2075 omnes
1308 2034 1358 2074 in
1419 2033 1617 2075 circuitu
1675 2033 1886 2075 nationes

401 2093 682 2143 subiecisset,
730 2093 899 2143 Danos,
948 2093 1027 2146 qui
1072 2092 1227 2134 navali
1273 2092 1516 2134 latrocinio
1557 2092 1777 2134 Fresones
1822 2092 1886 2132 in-

400 2208 428 2238 a)
447 2211 478 2233 et
497 2207 615 2239 regibus
636 2215 690 2235 om,
705 2208 734 2234 G.
806 2206 836 2239 b)
855 2207 895 2231 sic
915 2207 953 2238 0,·
972 2206 1140 2232 heribertus
1157 2206 1191 2234 A.
1209 2207 1293 2234 Frut.
1311 2207 1410 2237 Saxo;
1428 2205 1588 2231 hiribertus
1608 2205 1673 2238 313
1694 2204 1886 2230 Hiriberthus

399 2243 425 2267 B
444 2243 468 2270 2.
559 2242 586 2274 c)
614 2241 759 2268 aduerses*
783 2242 930 2267 rothulfus
957 2243 995 2273 0;
1023 2241 1157 2267 rudolfus
1181 2242 1226 2273 A;
1250 2240 1383 2267 rodulfus
1409 2241 1479 2272 B1;
1507 2239 1672 2265 Ruodolfus
1697 2240 1761 2267 B2.
1785 2240 1886 2270 Frui„-

399 2276 530 2303 rodolfus
562 2279 652 2305 Sanco.
770 2276 801 2308 d)
832 2278 860 2302 ei
890 2284 945 2304 om.
974 2277 1001 2302 Β
1020 2278 1052 2309 1;
1084 2278 1140 2302 sibi
1170 2277 1253 2304 Frui.
1371 2279 1399 2307 e)
1426 2283 1480 2307 pro
1510 2282 1564 2302 om.
1591 2275 1658 2302 ΒΞ.
1685 2275 1768 2302 Frut.
1796 2275 1886 2303 Saxo.

399 2313 423 2343 f)
441 2313 472 2337 in
491 2313 559 2338 add.
580 2313 642 2339 ΒΞ.
661 2313 751 2340 Samo.
823 2314 854 2344 g)
874 2312 1001 2338 Galliam
1018 2319 1081 2344 rex,
1097 2319 1194 2343 regem
1210 2312 1272 2339 132.
1343 2310 1374 2343 h)
1393 2312 1471 2336 omni
1490 2318 1545 2338 om.
1563 2311 1626 2336 131.
1646 2311 1735 2337 Saxo.
1806 2310 1828 2343 i)
1846 2310 1887 2335 εἰσ

399 2350 425 2372 et
442 2348 526 2374 Frut.
544 2348 641 2378 Saaeo,·
665 2346 820 2379 dignitatis
844 2347 910 2372 Β1.
948 2347 992 2377 Cf.
1013 2347 1096 2377 infra
1115 2347 1160 2378 II,
1180 2347 1231 2372 36:
1255 2346 1389 2371 Accessit
1412 2346 1450 2371 ad
1475 2346 1548 2371 haec
1573 2348 1604 2371 et
1628 2345 1719 2371 moles
1743 2345 1885 2377 corporis,

399 2390 516 2408 omnem
529 2383 639 2414 regiam
656 2383 815 2408 ostendens
829 2380 1013 2413 dignitatem,
1067 2381 1099 2412 k)
1118 2382 1266 2407 exercitus
1286 2381 1414 2406 radendo
1433 2388 1510 2408 corr.
1529 2381 1678 2406 exercitiis
1698 2380 1728 2408 C.
1782 2380 1804 2413 l)
1822 2379 1885 2406 ludi

399 2425 456 2443 om.
476 2418 507 2445 C.
581 2418 621 2449 m)
640 2418 831 2443 ueneratione
850 2417 881 2444 C.
952 2417 983 2449 n)
1001 2423 1070 2442 acer
1088 2417 1151 2443 Β1.
1170 2417 1254 2443 Frut.
1334 2415 1363 2450 o)
1383 2417 1447 2441 vice
1466 2423 1521 2443 om.
1542 2416 1601 2444 Β1.
1679 2417 1712 2447 p)
1729 2415 1781 2440 XL
1799 2415 1837 2442 Δ.
1857 2416 1887 2443 G.

399 2454 483 2479 Frut.
503 2454 593 2480 Saxo.
665 2454 696 2484 q)
714 2453 843 2478 Tantum
856 2466 891 2471 —
903 2451 1081 2477 infundebat
1099 2459 1153 2479 om.
1172 2452 1199 2476 B
1209 2453 1233 2480 1.
1306 2450 1331 2484 r)
1348 2452 1497 2477 feruorem
1511 2451 1572 2479 Β2.
1642 2450 1668 2484 s)
1684 2449 1808 2476 ludendi
1825 2451 1888 2480 Bl.

401 2490 423 2520 t)
441 2489 480 2514 sic
498 2489 606 2514 codices
624 2490 649 2513 et
668 2488 766 2519 Saae05
785 2486 989 2513 dissoluendae
1009 2495 1023 2512 e
1041 2488 1201 2513 coniectura
1219 2488 1280 2512 sine
1298 2487 1383 2512 dubio
1401 2487 1462 2514 ΒΞ.
1479 2487 1563 2514 Frut.

402 2585 436 2627 1)
475 2583 530 2625 Cf.
564 2593 680 2626 supra
708 2593 747 2625 p.
772 2583 831 2625 47,
859 2583 882 2616 l.
909 2583 955 2616 22
971 2592 1043 2624 sqq.
1152 2581 1189 2624 2)
1228 2581 1326 2614 Idem
1359 2582 1464 2623 infra
1497 2580 1574 2624 III,
1599 2581 1658 2616 49.
1692 2580 1733 2613 de
1767 2580 1888 2614 Ottone

399 2631 552 2670 divitum
577 2640 646 2673 quo
669 2639 728 2663 res
751 2629 818 2671 fide
842 2639 913 2662 non
936 2628 1080 2671 diqnior
1104 2628 1155 2670 fit.
1264 2627 1300 2672 3)
1333 2628 1450 2662 Comes
1474 2627 1777 2665 Vir-mandensi&
1831 2626 1886 2669 Cf.

399 2688 517 2721 supra
535 2688 574 2721 p.
593 2678 650 2719 36,
674 2687 710 2711 n.
730 2677 785 2711 11.
880 2675 918 2720 4)
944 2676 1056 2709 Ducis
1079 2675 1268 2710 Franciae.
1315 2675 1526 2709 Her-ihomas
1548 2683 1704 2708 sororem
1719 2673 1888 2716 Huyonis

400 2724 680 2757 Hildebrantam
704 2723 933 2756 matrimonio
956 2722 1023 2756 sibi
1047 2724 1193 2763 iunoeit;
1223 2723 1298 2756 vide
1326 2722 1522 2755 Gnidonem
1549 2722 1591 2754 de
1613 2720 1803 2754 Bazochiis
1828 2730 1886 2764 ap.

401 2771 606 2813 Albo-icum,
643 2771 707 2806 SS.
742 2770 899 2811 XXIII,
932 2780 972 2813 p.
999 2771 1078 2805 757.
1138 2769 1257 2802 Filius
1293 2771 1368 2802 eius
1398 2771 1522 2811 postea
1558 2767 1661 2810 (HI,
1695 2769 1737 2810 3)
1773 2777 1888 2811 nepos

401 2817 570 2862 Hugonis
603 2821 758 2853 vocatur.
880 2817 917 2860 5)
954 2817 1100 2851 Sallust.
1128 2816 1203 2851 Cat.
1230 2826 1257 2852 c.
1285 2817 1349 2852 15:
1375 2816 1500 2849 contra
1523 2813 1579 2848 ius
1603 2813 1740 2857 fasque.
1789 2814 1888 2848 Idem

400 2867 505 2907 infra
530 2865 606 2907 III,
632 2867 665 2900 3.
782 2864 818 2907 6)
857 2864 913 2904 Cf.
939 2865 1044 2906 infra
1067 2863 1144 2905 III,
1173 2865 1235 2899 10:
1268 2861 1416 2896 Interea
1439 2872 1505 2895 rex
1528 2871 1654 2905 regem
1679 2860 1886 2904 alloquitur.

403 2911 438 2956 7)
483 2912 537 2954 Cf.
578 2912 662 2955 Rey.
704 2911 797 2954 Imp.
838 2911 885 2944 II
887 2936 898 2954 ,
939 2921 997 2947 nr.
1035 2912 1141 2950 49a‚·
1181 2910 1347 2953 Lippert,
1388 2908 1522 2951 ‘Kb'm'y
1561 2908 1712 2950 Rudolf'
1751 2920 1788 2952 p.
1828 2909 1886 2944 89.

402 2959 438 3002 8)
461 2958 654 2992 Simillima
679 2958 865 3001 descriptio
889 2968 1028 2991 morum
1054 2957 1188 2991 ottonis
1211 2957 1370 3000 sequitur
1393 2956 1499 2997 infra
1523 2955 1578 2998 II,
1604 2956 1662 2994 36,

1910 991 1944 1016 10

1910 1283 1944 1309 15

1910 1577 1946 1602 20

1911 1870 1945 1896 25

1911 2205 1946 2231 30

1912 2380 1947 2407 35

1910 2633 1947 2658 40

1911 2866 1948 2892 45
