2034 3380
328 334 372 368 12
922 331 1213 367 WIDUKINDI

328 453 481 493 autem
515 453 803 507 congregatis
836 453 1027 495 ducibus
1060 467 1112 495 ac
1145 453 1343 493 militum
1377 453 1658 507 principibus
1690 466 1808 494 exer·

328 511 446 552 citus
479 511 593 562 suia,
626 514 759 566 rogat
791 512 1080 562 sententiam,
1103 515 1367 552 utrumnam
1390 513 1628 553 censerent
1649 511 1807 552 Irmin-

326 565 526 610 fridumb
563 571 937 624 persequendum,
979 585 1037 612 an
1076 571 1271 625 patriam
1307 571 1617 612 remeandum.
1680 570 1810 612 Inter

327 641 439 682 quos
477 628 813 670 Waldrious⁰·1
864 629 1120 671 consultus:
1176 628 1390 679 ‘Oense0’‚
1437 629 1610 683 inquit,
1660 628 1810 670 ‘causa

328 700 482 729 caesos
514 688 776 742 sepeliendi,
799 688 1062 729 vulneratos
1085 688 1287 735 curandi,
1321 688 1539 730 maiorem
1560 687 1807 730 exercitum

328 747 638 800 congregandi
670 747 866 801 patriam
905 747 1224 796 remeandum
1266 760 1412 801 neque
1453 747 1573 788 enim
1613 746 1810 788 arbitror

327 804 486 845 multis
533 805 717 847 milibus
762 808 946 846 tuorum
990 805 1165 846 amissis
1205 805 1416 847 sufficere
1456 819 1538 847 nos
1579 818 1710 860 posse
1750 805 1808 846 ad

328 864 635 918 peragendum
669 877 853 918 presens
876 863 1062 905 bellum.
1116 864 1165 904 Si
1186 864 1306 905 enim
1330 864 1548 906 barbarae
1569 863 1779 905 nationes
1794 864 1809 888 ‘²

326 922 593 964 innumerae
624 922 673 963 in
705 936 786 963 nos
819 919 1142 976 consurgantd,
1175 922 1334 963 multis
1365 924 1624 964 nostrorum
1652 922 1809 964 debili-

327 981 451 1029 tatis,
493 993 572 1034 per
608 994 720 1034 quos
750 980 969 1022 vincis⁰P⁷
1033 981 1146 1022 Erat
1185 983 1339 1023 autem
1370 980 1614 1022 Thiadrico
1655 994 1810 1023 servus

328 1039 439 1080 satis
478 1039 763 1093 ingeniosus,
810 1039 939 1081 cuius
980 1039 1220 1081 consilium
1268 1041 1480 1094 expertus
1522 1041 1591 1081 est
1631 1040 1810 1094 saepius

329 1097 544 1152 probum,
598 1098 729 1152 eique
781 1094 1051 1153 proptereaf
1097 1099 1294 1152 quadam
1344 1098 1664 1140 familiaritate
1710 1111 1811 1140 con·

327 1157 525 1198 iunctus.
578 1156 667 1198 Hic
698 1159 886 1212 rogatus
918 1158 1193 1199 sententiam
1215 1157 1343 1199 dare:
1370 1157 1439 1198 ‘In
1460 1156 1624 1207 rebus'‚
1646 1157 1808 1211 inquit,

330 1215 547 1257 ‘honestis
578 1215 933 1270 pulcherrimam
965 1229 1143 1271 semper
1173 1229 1269 1258 esse
1301 1216 1497 1257 arbitror
1526 1228 1811 1271 perseveran—

327 1274 454 1324 tiam,
495 1287 630 1328 quam
671 1275 740 1316 ita
771 1274 1013 1316 coluerunt
1046 1275 1238 1316 maiores
1276 1275 1434 1324 nostri,
1474 1277 1527 1315 ut
1567 1288 1594 1315 a
1634 1274 1808 1329 ceptisg

328 1333 524 1387 negotiis
574 1347 677 1375 raro
722 1333 796 1376 vel
847 1347 1093 1388 numquam
1143 1328 1435 1375 deficerentb.
1513 1333 1609 1375 Nec
1655 1334 1810 1374 tamen

329 1391 508 1433 labores
538 1394 717 1433 nostros
750 1406 903 1434 eorum
938 1393 1198 1447 aequandos
1230 1392 1499 1447 putaverim,
1543 1392 1622 1446 qui
1661 1391 1810 1446 parvis

329 1451 470 1505 copiis
513 1451 723 1505 ingentes
771 1451 978 1506 gentium
1025 1451 1178 1506 copias
1224 1446 1598 1505 superaverunti.
1676 1449 1810 1492 Nunc

327 1512 452 1551 terra
497 1505 574 1550 ink
616 1512 774 1551 nostra
825 1512 894 1552 est
940 1512 1189 1565 potestate,
1244 1511 1291 1552 et
1337 1509 1610 1551 discessione
1656 1510 1812 1550 nostra

328 1568 461 1610 victis
493 1569 776 1610 occasionem
797 1569 1011 1610 vincendi
1043 1568 1379 1623 prestabimus?
1425 1567 1741 1623 Amplecterer
1765 1571 1812 1609 et

327 1627 425 1682 ipse
457 1627 650 1682 patriam
683 1627 844 1678 redire,
885 1627 1158 1669 familiarem
1195 1627 1579 1669 necessitudinem
1611 1621 1810 1677 videre¹‚

330 1686 368 1727 si
401 1687 580 1728 hostem
610 1688 818 1728 nostrum
856 1700 908 1728 eo
950 1686 1098 1741 spatio
1139 1686 1298 1728 scirem
1341 1686 1435 1727 otio
1475 1698 1650 1727 vacare.
1722 1685 1810 1727 Sed

328 1745 560 1787 vulnerati
602 1745 749 1787 nostri
794 1745 990 1786 forsitan
1031 1746 1116 1786 hac
1162 1759 1211 1787 re
1251 1745 1475 1799 indigent.
1548 1743 1811 1786 Castrorum

330 1806 467 1845 estom
498 1803 641 1854 labor,
674 1804 865 1859 inpigris
897 1804 1073 1854 animis,
1105 1817 1218 1854 reor,
1253 1817 1332 1858 pro
1357 1803 1552 1844 maxima
1572 1802 1811 1857 voluptate

331 1864 413 1904 est.
476 1862 597 1916 Ergo
630 1876 759 1904 caesa
800 1862 1099 1904 multitudine
1141 1862 1367 1904 exercitus
1409 1863 1478 1903 est
1517 1862 1812 1903 vehementer

330 1923 612 1963 attenuatus.
689 1921 918 1963 Hostesne
959 1935 1115 1963 omnes
1158 1920 1433 1964 evaserunt?
1480 1922 1602 1962 certe
1642 1920 1811 1962 rarissi-

330 1983 476 2021 musn.
559 1980 664 2035 Ipse
715 1993 911 2034 namque
963 1981 1056 2021 dux
1106 1981 1160 2021 ut
1210 1980 1433 2034 quaedam
1485 1978 1679 2021 bestiola
1730 1992 1811 2020 suo

330 2039 538 2080 munitur
568 2039 776 2089 latibulo,
809 2039 934 2081 urbis
967 2039 1278 2080 circumdatur
1310 2038 1523 2088 claustro,
1557 2051 1641 2080 nec
1662 2038 1809 2092 ipsum

329 2170 360 2204 a)
386 2172 436 2203 sic,
461 2179 519 2196 non
544 2171 736 2204 principibus,
766 2171 912 2197 exercitus
937 2172 983 2196 sui
1009 2174 1095 2203 rogat
1117 2171 1293 2196 sententiam
1320 2171 1499 2202 distin-quant
1523 2170 1559 2196 Α.
1586 2170 1651 2197 ΒΞ.
1677 2169 1708 2197 0.
1730 2169 1813 2196 Frui.

329 2207 359 2237 b)
378 2207 418 2231 sic
437 2207 487 2232 hoc
506 2207 565 2232 loco
584 2207 669 2231 etiam
689 2207 720 2234 C.
809 2208 836 2237 c)
862 2205 1038 2232 waldericus
1062 2207 1088 2231 B
1102 2208 1127 2231 1.
1153 2207 1185 2238 2;
1211 2204 1380 2231 uualdricus
1399 2206 1430 2233 C.
1521 2205 1551 2237 d)
1576 2207 1757 2236 consurgunt
1774 2204 1812 2234 C,-

330 2242 465 2267 nationes
492 2242 523 2267 in
548 2249 599 2267 nos
625 2244 807 2274 consurgant
830 2242 984 2267 innumere
1008 2242 1072 2267 Bl.
1183 2243 1210 2272 e)
1237 2241 1339 2266 uinces
1363 2241 1428 2266 132.
1539 2241 1562 2270 f)
1588 2238 1716 2272 quadam
1741 2239 1811 2264 fam.

329 2279 488 2309 propterea
512 2277 539 2301 Β
552 2278 576 2304 1,
666 2278 697 2309 g)
721 2277 849 2307 acceptis
868 2277 948 2304 codd.
954 2285 965 2307 ‚·
984 2284 1001 2301 a
1020 2276 1124 2308 ceptis,
1145 2277 1221 2308 quod
1239 2277 1299 2301 iam
1319 2276 1410 2300 Waitz
1427 2276 1581 2307 praeferre
1599 2275 1720 2306 volebat,
1746 2281 1814 2308 con-V

329 2312 454 2336 servavit
472 2312 530 2336 sive
548 2312 672 2336 restituit
689 2312 767 2337 solus
784 2312 867 2338 Frut.
947 2311 979 2342 h)
1005 2310 1148 2336 deficeret
1166 2311 1196 2338 Ο.
1276 2311 1298 2341 i)
1322 2311 1531 2342 superauerim
1550 2310 1580 2338 0.
1660 2309 1692 2341 k)
1716 2312 1762 2335 est
1782 2310 1812 2334 in

330 2349 430 2372 nostra
454 2347 480 2371 B
494 2348 518 2371 1.
629 2347 649 2377 l)
678 2345 836 2378 prouidere
863 2347 946 2374 Frut.
1054 2348 1093 2378 m)
1122 2353 1192 2378 ergo
1215 2346 1314 2378 Frui„
1344 2346 1393 2378 qui
1414 2348 1482 2377 post
1507 2345 1591 2371 labor
1613 2345 1695 2377 siano
1723 2347 1811 2370 caret.

330 2382 362 2414 n)
381 2382 542 2407 rarisumus
562 2381 599 2412 Ο,-
619 2382 761 2407 rarissimi
779 2382 863 2407 Frut.

332 2492 366 2537 1)
393 2493 607 2535 Waldrieus,
633 2494 801 2536 quoniam
826 2493 874 2526 ad
896 2503 1019 2527 nomen
1036 2495 1111 2527 eius
1125 2493 1223 2526 nihil
1239 2493 1341 2526 aliud
1357 2493 1524 2535 adicitur,
1541 2493 1580 2525 in
1596 2491 1815 2525 carminibus

329 2540 522 2574 celebratus
546 2541 685 2574 videtur
704 2551 774 2574 esse
797 2543 912 2574 notus.
1000 2541 1038 2583 2)
1067 2540 1210 2574 Slavine
1234 2551 1282 2574 an
1299 2539 1487 2573 Santones?
1523 2539 1626 2573 Slavi
1647 2549 1670 2572 a
1691 2539 1813 2572 Widu-

331 2588 440 2620 lcindo
463 2588 592 2621 iterum
616 2591 718 2630 atque
743 2589 870 2620 iterum
895 2586 1052 2631 barbari,
1085 2587 1261 2621 barbarae
1285 2586 1452 2620 nationes
1485 2586 1734 2630 appellantur,·
1767 2587 1811 2628 cf.

330 2634 685 2678 Ko'plce-Diimmler,
716 2635 861 2668 ‘Kaiser
888 2633 965 2668 Otto
998 2634 1061 2667 der
1088 2634 1216 2668 Grosse
1249 2634 1496 2676 (Jahrlnzoher
1527 2634 1591 2666 der
1616 2633 1812 2666 Deutschen

331 2681 563 2721 Gesehichtest
594 2694 631 2726 p.
666 2683 734 2718 558
746 2692 762 2723 ‚·
793 2682 908 2715 nihilo
939 2682 1047 2715 setius
1080 2682 1143 2715 hoc
1177 2682 1248 2715 loco
1280 2681 1321 2714 de
1354 2680 1557 2714 Sua-onibus
1589 2679 1812 2721 coyitand-um

329 2731 389 2763 est.
431 2729 526 2762 Nam
551 2730 590 2762 in
615 2729 738 2772 libello,
765 2739 865 2772 quem
891 2730 928 2762 in
953 2729 1140 2772 appendice
1165 2729 1275 2770 edam,
1299 2729 1341 2761 de
1366 2729 1503 2770 oriyine
1524 2727 1727 2769 Ξαευοφνηι,
1751 2725 1815 2759 ubi

331 2775 436 2808 Saevi
459 2786 516 2809 eas
536 2780 660 2820 partes
684 2777 846 2818 obtinent,
871 2786 962 2819 quas
985 2776 1048 2809 hoc
1072 2777 1145 2810 loco
1170 2775 1340 2816 Saxones,
1369 2778 1550 2808 narratur
1580 2773 1813 2806 niuali-ioum

331 2823 455 2856 timore
485 2825 732 2866 perterritum,
768 2833 810 2856 ne
843 2823 1085 2865 Irminfridus
1119 2822 1246 2856 Suevos
1278 2831 1394 2865 nuper
1417 2821 1537 2854 Albim
1570 2824 1814 2862 transqressos

331 2869 469 2902 anaeilio
494 2880 558 2903 suo
583 2875 783 2913 arcesseret,
814 2872 972 2914 priorem
998 2870 1078 2903 illos
1112 2870 1323 2913 anticipasse
1353 2869 1528 2911 missaque
1563 2867 1733 2910 legatione
1765 2867 1814 2900 eis

330 2919 466 2949 terram
491 2917 590 2950 illam
614 2918 653 2950 in
681 2918 936 2961 proprietatem
967 2918 1159 2950 tradidisse
1192 2919 1234 2959 (c.
1262 2917 1311 2955 7).
1371 2915 1427 2956 Cf.
1461 2916 1565 2948 etiam
1599 2924 1689 2957 quae
1720 2914 1812 2949 Wid.

330 2964 405 3007 ipse
430 2964 535 3004 infra
560 2968 702 2999 narrat.

1837 995 1871 1019 10

1838 1286 1870 1312 15

1838 1581 1873 1606 20

1837 1873 1872 1899 25

1838 2207 1872 2232 ³0

1839 2382 1873 2408 35

1836 2687 1872 2712 40

1837 2921 1872 2946 45

2019 3306 2034 3342 ιὲ·
2015 3283 2019 3287 “
