2034 3380
389 354 458 388 132
706 350 772 386 DE
797 318 1012 385 ORIGINE
1039 348 1222 385 GENTIS
1247 348 1553 386 SWEVORUM.

390 471 672 521 Theoderici,
704 471 945 526 indignum
979 471 1150 513 ducens
1179 470 1329 525 ipsum
1361 483 1514 525 regem
1555 471 1871 522 constitutum,

391 530 654 572 affirmabat
685 529 818 571 illum
850 543 941 571 non
971 530 1070 571 iure
1102 529 1190 571 sibi
1219 543 1413 584 regnum
1443 529 1753 580 vendicasse2,
1794 531 1874 573 sed

390 590 544 644 potius
585 602 640 631 ex
685 590 880 644 paterna
925 583 1210 630 hereditateb
1257 591 1330 630 80ο
1378 587 1544 630 debere
1589 585 1831 631 attinered·
1845 588 1873 629 ².

391 648 665 702 Ascitoque⁰
704 647 876 702 Iringo,
913 642 1200 688 Irminfridif
1236 646 1507 698 consiliario,
1546 647 1641 701 egit
1672 660 1776 690 cum
1806 660 1873 698 eo,

390 707 608 762 quatinus
638 706 687 747 in
724 706 911 748 auribus
951 706 1209 760 principum
1250 719 1302 747 ac
1342 705 1500 747 fratris
1538 706 1876 748 veredariorum
1900 720 1918 746 5

392 765 622 807 conferret
642 765 974 807 Theodericum
1006 764 1150 819 patris
1181 765 1251 805 sui
1283 764 1535 807 concubine
1567 764 1713 806 filium
1743 765 1873 807 fore&

390 826 440 866 et
483 824 588 866 ideo
628 824 792 866 merito
833 823 920 865 sibi
959 836 1138 865 servum
1151 823 1178 872 ²,
1227 836 1318 864 non
1365 822 1530 865 debere
1574 836 1766 878 regnum
1812 824 1876 865 in-

391 883 576 934 vadere,
626 883 748 937 quod
796 895 896 924 eam
942 882 1193 937 attingeret
1239 894 1294 923 ex
1340 883 1534 936 paterna
1578 883 1875 924 successione.

392 936 509 983 His¹¹
565 941 736 983 auditis
792 940 936 995 legati
987 954 1080 981 non
1130 939 1423 982 mediocriter
1470 941 1768 983 verecundati
1818 941 1877 983 ad

392 1000 629 1042 dominum
674 1013 806 1041 suum
846 994 1047 1041 redierei
1088 998 1264 1053 sibique
1278 998 1294 1024 3
1332 998 1596 1041 huiusmodi
1634 1000 1774 1042 verba
1814 1000 1877 1041 in·
1903 1014 1938 1038 ιο

391 1058 556 1100 tulere.
609 1057 699 1110 Qui
730 1058 934 1100 furorem
966 1057 1108 1099 animi
1138 1057 1358 1099 simulans
1379 1058 1557 1108 statuit,
1589 1058 1698 1112 quia
1718 1058 1878 1100 Irmin-

392 1117 540 1159 fridus
587 1130 656 1159 ·se
724 1130 806 1172 pro
868 1130 996 1158 servo
1059 1116 1270 1167 haberet,
1339 1113 1646 1170 quantociusk
1710 1117 1753 1159 ei
1819 1117 1879 1159 ad

392 1176 738 1231 obsequendum
799 1177 1058 1217 occurreret
1075 1175 1105 1215 4.
1197 1175 1258 1217 Et
1319 1175 1514 1217 collecta
1579 1176 1878 1218 multitudine

393 1235 688 1285 Francorum,
730 1230 1111 1288 Τ111111113101111111
1157 1236 1302 1276 terras
1347 1234 1515 1276 invasit
1558 1236 1605 1277 et
1650 1234 1878 1276 inmanius

393 1295 572 1335 vastare
603 1293 739 1348 cepit.
1903 1305 1937 1332 1⁶

538 1355 575 1392 7.
629 1352 826 1400 Interea,
858 1353 912 1392 ut
944 1351 1164 1405 prefixum
1197 1353 1279 1401 est,
1313 1351 1459 1393 Swevi
1489 1351 1661 1393 Albiam
1691 1352 1879 1394 flumine

393 1410 693 1452 transvadato
739 1410 938 1452 fixerunt
982 1410 1184 1452 tentoria
1229 1409 1278 1450 in
1328 1409 1454 1451 illius
1498 1412 1619 1452 terre
1671 1411 1879 1452 confinio.

395 1469 536 1510 Porro
566 1468 874 1511 Theodericus
906 1481 987 1510 rex
1023 1470 1077 1509 ut
1108 1468 1297 1519 audivit,
1340 1469 1473 1523 quia¹¹
1512 1469 1720 1524 copiosus
1761 1482 1879 1511 exer·

396 1528 514 1570 citus
547 1527 807 1569 Swevorum
847 1528 1139 1569 adventasset
1177 1526 1320 1575 illic⁰,
1363 1527 1589 1576 extimuit,
1629 1541 1688 1569 ne
1720 1527 1880 1569 11111111-

394 1586 543 1628 fridus
591 1599 667 1628 eos
712 1586 762 1626 in
809 1585 1030 1627 auxilium
1076 1585 1147 1627 sui
1198 1586 1549 1636 nancisceretur,
1602 1586 1726 1640 prior
1774 1586 1880 1629 illos
1904 1597 1940 1622 2⁰
2006 1638 2009 1640 ,

396 1645 680 1699 anticipavit,
723 1657 776 1686 eo
816 1644 938 1699 quod
979 1658 1054 1686 eos
1098 1644 1186 1686 sibi
1231 1644 1444 1699 propiusl'
1491 1647 1640 1687 castra
1683 1647 1879 1687 metasse

397 1704 631 1759 comperit.
693 1703 934 1757 Missisque
966 1716 1021 1745 ex
1051 1703 1350 1758 optimatibus
1382 1704 1475 1745 suis
1506 1704 1779 1759 spoponditq
1815 1704 1880 1746 eis

395 1765 565 1804 terram
597 1762 727 1803 illam
747 1762 796 1803 in
821 1762 1148 1817 proprietatem
1170 1762 1450 1804 traditurum
1465 1761 1491 1812 ⁵,
1525 1766 1689 1817 (11111111ιΡ
1714 1762 1880 1804 fluvius

397 1821 527 1863 Salza
558 1834 640 1876 per
671 1821 913 1863 decursum
944 1834 1077 1862 suum
1109 1821 1314 1875 cingeret
1345 1821 1587 1863 defluendo
1607 1821 1655 1862 in
1677 1821 1872 1863 flumen⁸

396 1934 425 1966 a)
443 1935 484 1959 sic
502 1935 538 1962 A.
559 1935 601 1966 B;
620 1933 786 1960 vindicasse
805 1935 840 1959 G.
914 1935 943 1965 b)
962 1933 1131 1960 hereditate
1149 1935 1184 1962 Β.
1258 1934 1285 1968 c)
1303 1936 1344 1960 sic
1363 1935 1398 1962 A.
1415 1935 1442 1960 B
1447 1944 1458 1966 ,·
1476 1935 1534 1961 sibi
1552 1935 1588 1963 G.
1661 1935 1691 1966 d)
1709 1936 1824 1961 atinere
1838 1936 1881 1966 B,·
1905 1935 1939 1962 25

396 1970 529 1995 obtinere
549 1971 737 2002 emendarem,
758 1970 801 1994 vel
820 1971 968 2002 attingere
988 1977 1001 1994 e
1020 1971 1039 1997 l.
1054 1970 1081 1995 8.
1114 1970 1211 1997 H.-E.
1284 1970 1312 2003 e)
1331 1971 1483 2002 accitoque
1496 1971 1531 2002 G,
1552 1973 1582 1995 ut
1594 1978 1686 2003 supra
1697 1978 1731 2002 p.
1744 1971 1805 2004 129,
1821 1978 1850 1998 n.
1861 1971 1881 1998 i.

395 2004 420 2038 f)
444 2004 584 2031 irmifridi
603 2006 630 2033 h.
650 2006 669 2032 l.
687 2006 722 2032 A.
795 2004 824 2037 g)
843 2005 888 2030 hic
905 2005 1056 2036 distinguit
1074 2006 1110 2030 G.
1189 2005 1219 2038 h)
1239 2006 1303 2031 Hiis
1322 2006 1356 2033 Β.
1436 2006 1458 2037 1)
1476 2006 1575 2031 1οἀ110
1593 2006 1628 2033 Β.
1708 2005 1740 2039 k)
1759 2013 1880 2038 quamo-

397 2041 459 2066 01118
471 2035 628 2073 (dmoeius)
641 2041 684 2070 A,·
700 2048 787 2072 quam
801 2041 887 2066 citius
900 2041 926 2065 B
932 2049 944 2072 ,·
960 2043 1144 2073 quantocyus
1158 2041 1192 2068 G.
1264 2041 1285 2072 1)
1300 2041 1340 2066 sic
1353 2042 1389 2068 A.
1401 2041 1437 2069 Β.
1449 2041 1485 2067 G.
1558 2042 1598 2073 m)
1613 2042 1655 2067 sie
1669 2041 1697 2069 h.
1709 2042 1729 2069 l.
1743 2041 1780 2069 A.
1791 2041 1826 2069 B.
1839 2041 1882 2072 G,-

397 2076 434 2106 εἰ.
454 2083 546 2108 supra
559 2084 591 2108 p.
608 2076 669 2107 131,
690 2083 717 2103 n.
734 2076 752 2103 f.
825 2075 857 2108 n)
875 2076 917 2100 sic
935 2077 993 2107 (q2)
1011 2076 1047 2101 A.
1064 2076 1099 2107 B,
1119 2076 1156 2106 cf.
1171 2083 1263 2107 supra
1276 2084 1310 2108 p.
1325 2077 1386 2108 131,
1403 2084 1431 2104 n.
1444 2084 1479 2110 x;
1500 2075 1580 2108 quod
1593 2077 1628 2105 G.
1698 2076 1727 2108 ο)
1746 2076 1826 2102 illico
1844 2076 1881 2108 G,

397 2114 535 2136 commate
548 2111 720 2143 praemisso.
792 2112 822 2142 P)
841 2112 960 2143 propius
979 2111 1036 2136 sibi
1055 2111 1090 2137 G.
1164 2111 1195 2144 q)
1213 2112 1386 2144 spospondit
1404 2112 1438 2139 G.
1505 2111 1531 2145 r)
1550 2114 1692 2143 quantum
1710 2112 1746 2140 G.
1798 2113 1824 2143 s)
1841 2112 1882 2137 eie
1906 2111 1941 2138 ³0

397 2149 468 2171 recte
487 2148 512 2171 A
530 2147 602 2177 (non
620 2146 782 2179 flaminem,
802 2149 833 2170 ut
853 2146 1045 2178 Mallenhoff).
1063 2147 1097 2175 B,
1117 2147 1152 2174 G.

396 2227 586 2272 respondit
609 2228 747 2272 placita
773 2227 840 2262 sibi
864 2228 1009 2272 placere
1033 2227 1160 2272 populi
1183 2227 1420 2272 Francorum,
1454 2229 1499 2263 ab
1529 2239 1654 2263 eorum
1688 2227 1882 2263 concordia

396 2286 470 2309 non
504 2274 721 2319 discordare,
754 2286 844 2319 pace
879 2274 1097 2309 omnimodis
1128 2274 1312 2320 indigere;
1346 2286 1455 2319 super
1486 2275 1633 2320 negotio
1658 2286 1744 2310 vero
1776 2275 1883 2320 regni

396 2322 666 2365 responsionem
694 2333 796 2355 suam
820 2322 857 2355 in
882 2322 1081 2356 amicorum
1105 2322 1327 2366 presentiam
1350 2322 1445 2356 velle
1469 2321 1625 2357 differre.
1728 2321 1763 2368 1)
1787 2322 1880 2359 Ibid.

397 2369 420 2404 l.
439 2370 484 2404 15
500 2379 595 2412 sqqs
621 2367 706 2412 quia
730 2368 800 2402 sibi
823 2379 979 2413 reg-num
1001 2368 1162 2403 cessisset
1185 2368 1263 2403 iure
1284 2368 1514 2412 hereditario,
1538 2370 1666 2413 utpote
1689 2379 1782 2412 quae
1805 2368 1882 2404 filia
1905 2377 1940 2404 ab

396 2414 493 2460 regis
529 2417 607 2449 erat
641 2417 679 2448 et
710 2413 786 2448 filia
818 2415 976 2460 reginae.
1120 2416 1156 2459 2)
1195 2415 1332 2449 Eadem
1365 2417 1438 2458 fere
1470 2416 1575 2450 verba
1607 2426 1722 2459 supra
1750 2427 1791 2460 p.
1823 2418 1879 2460 10,

399 2462 421 2497 l.
442 2463 485 2497 17
498 2472 571 2505 sq..·
597 2461 832 2495 Thiadricum
855 2472 942 2496 vero
967 2473 1072 2495 suum
1097 2473 1241 2496 servum
1257 2464 1444 2506 tamquam
1462 2473 1507 2497 ex
1524 2461 1726 2497 concubina
1741 2464 1879 2499 natum.

398 2509 434 2552 3)
467 2509 498 2544 Ι.
525 2519 552 2543 e.
579 2508 693 2552 eique.
790 2508 827 2554 4)
858 2509 952 2544 [bid.
978 2520 1017 2552 p.
1045 2511 1100 2552 11,
1134 2509 1154 2544 l.
1181 2511 1316 2554 Ssqq.:
1345 2509 1559 2544 Thiadricus
1583 2511 1707 2544 autem
1730 2510 1881 2545 nimiam

396 2555 489 2589 iram
513 2555 618 2590 vultu
642 2555 762 2590 celans
789 2566 935 2590 sereno:
970 2554 1136 2600 ‘Oportet
1168 2556 1256 2600 nos',
1286 2555 1415 2600 inquit,
1447 2556 1505 2591 ‘ad
1538 2556 1724 2591 servitium
1747 2556 1880 2592 Irmin-

398 2601 484 2635 fridi
520 2601 708 2646 festinare,
745 2602 931 2646 quatinus,
973 2602 1034 2647 qui
1070 2602 1241 2637 libertate
1276 2603 1473 2647 privamur,
1511 2603 1609 2638 inani
1644 2604 1773 2638 saltem
1805 2604 1882 2639 vita
1905 2611 1941 2638 40

398 2648 585 2685 fruamur’.
628 2650 682 2684 De
705 2652 893 2683 certamine
917 2651 956 2683 in
980 2650 1050 2684 loco
1064 2650 1297 2694 Runiberyun
1313 2652 1504 2694 commisso,
1531 2651 1625 2694 quod
1642 2651 1883 2686 Wtuukcndus

397 2699 474 2729 tum
507 2698 686 2739 narravit,
720 2701 844 2731 auctor
875 2700 995 2730 noster
1026 2698 1123 2731 nihil
1154 2697 1265 2733 habet.
1324 2697 1545 2741 Mallenhoff,
1574 2697 1756 2733 ‘Zeitoohn
1781 2700 1809 2741 f.
1833 2699 1879 2734 D.

398 2743 482 2776 ΑΒ]
515 2743 651 2787 XVII,
685 2755 724 2787 p.
757 2745 819 2785 66,
850 2746 1021 2787 proponit
1054 2745 1221 2786 Ruodotfi
1250 2745 1356 2780 Fuld.
1390 2755 1420 2779 o.
1453 2746 1490 2787 1,
1527 2745 1591 2780 SS.
1625 2744 1685 2788 II,
1718 2755 1759 2788 p.
1790 2745 1879 2781 674:

398 2788 670 2835 Thuringorum
706 2818 713 2826 .
752 2818 759 2826 .
793 2793 928 2825 terram
963 2819 971 2826 .
1008 2819 1015 2826 .
1051 2790 1246 2826 crudeliter
1278 2791 1375 2826 ferro
1406 2790 1562 2825 vastavit
1597 2792 1634 2825 et
1668 2790 1756 2836 igni.
1813 2791 1881 2827 Sed

399 2847 617 2880 anonymum
633 2838 797 2880 Ruodolfi
816 2838 1102 2872 Translationem
1120 2849 1214 2882 prae
1237 2838 1346 2873 oculis
1369 2837 1531 2872 habuisse
1546 2838 1646 2872 haud
1660 2839 1879 2875 crediderim.
1903 2845 1939 2871 4⁶

399 2884 434 2925 5)
462 2884 515 2926 Cf.
541 2895 631 2927 quae
651 2885 896 2919 Widulcindus
918 2895 1033 2929 supra
1054 2897 1091 2930 p.
1110 2887 1166 2928 13,
1189 2886 1213 2921 l.
1232 2887 1275 2921 11
1292 2895 1366 2929 sqq.
1390 2885 1432 2918 de
1448 2884 1652 2919 Saxonibus
1667 2905 1714 2911 —
1729 2895 1880 2929 quorum

397 2929 512 2963 tonum
537 2931 592 2963 hic
617 2932 730 2966 Swevi
752 2932 904 2965 obtinent
931 2951 973 2957 —-
999 2933 1142 2966 retulit:
1175 2932 1205 2966 si
1239 2931 1386 2976 quidem
1418 2930 1604 2966 vincerent
1627 2931 1880 2968 Irminfridum

399 2975 599 3019 urbemque
625 2981 807 3022 caperent,
832 2980 967 3013 terram
992 2978 1043 3013 eis
1067 2978 1105 3012 in
1129 2977 1388 3022 possessionem
1413 2980 1597 3013 aeternam
1621 2978 1793 3016 traderet.
