2034 3380
141 1324 175 1349 15

138 1619 173 1643 20

136 1914 171 1939 25

138 2216 172 2241 30

137 2393 171 2418 35

136 2613 172 2638 40

137 2849 173 2874 45

384 359 570 395 RERUM
594 358 877 395 GESTARUM
901 357 1277 395 SAXONICARUM
1300 357 1399 394 LIB.
1424 357 1498 394 ΙΙΙ.
1621 359 1690 394 105

199 496 309 523 1111111
342 482 613 524 destituitur
644 495 696 522 ac
726 481 850 522 fame
881 481 1085 530 vexatur,
1127 480 1272 533 portis
1312 480 1479 521 urbani
1519 479 1689 534 egressi
1703 489 1783 524 955.

199 555 302 583 cum
334 541 447 582 urbe
479 540 770 582 tradiderunt
802 541 947 580 semet
986 539 1107 592 ipsos
1147 539 1260 593 regi.
1330 538 1421 589 Qui
1460 539 1688 594 principes

199 600 336 642 exilio
369 601 634 654 dampnans,
668 598 872 652 reliquae
900 597 1192 638 multitudini
1222 598 1384 652 parcit,
1406 597 1688 652 victoriaque

198 659 423 713 gloriosus
454 658 674 700 remeavit
704 658 755 698 in
785 657 995 712 patriam,
1036 657 1162 698 omni
1197 657 1383 711 regione
1415 656 1683 698 Boioaricaa

197 718 335 759 fratri
364 717 595 759 restituta.

339 776 546 817 XLIIII.
588 776 918 830 Ingressusque
941 775 1186 817 Saxoniam
1212 775 1333 816 circa
1354 774 1554 816 Kalend.
1577 774 1689 818 Iulii
1702 789 1828 817 c.1ul.1.

197 835 353 877 obvios
386 835 529 877 habet
559 835 738 890 legatos
763 834 1081 889 Ungariorum,
1111 836 1346 888 tamquam
1369 834 1428 875 ob
1450 834 1688 887 antiquam

197 895 334 936 fidem
367 908 419 936 ac
451 894 649 949 gratiam
681 908 785 936 eum
816 894 1079 943 visitantes;
1111 907 1161 935 re
1194 895 1349 935 autem
1370 907 1490 943 vera,
1520 896 1574 933 ut
1596 893 1688 947 qui-

197 953 390 995 busdam
423 952 704 1003 *videbatur,
738 955 954 994 eventum
986 948 1124 994 bellib
1152 952 1298 994 civilis
1331 952 1687 994 considerantes.

199 1011 322 1063 Quos
355 1026 459 1054 cum
500 1015 680 1054 seeum⁰
718 1008 995 1066 aliquantis<l
1032 1011 1193 1053 diebus
1232 1011 1499 1053 retinuisset
1531 1013 1578 1052 et
1611 1011 1689 1052 ali-

198 1072 362 1125 quibus
394 1071 679 1113 munusculis
712 1072 905 1112 donatos
935 1071 1184 1112 remisisset
1214 1071 1264 1111 'm
1294 1084 1419 1125 pace,
1453 1070 1631 1111 audivit
1663 1084 1689 1111 a

198 1131 373 1172 nuntiis
403 1130 575 1180 fratris,
609 1130 738 1171 ducis
770 1130 946 1172 scilicet
978 1130 1340 1179 Boioariorume,
1383 1125 1519 1183 quiaf
1557 1129 1688 1170 ‘Ecce

198 1190 391 1244 Ungarii
414 1189 571 1230 diffusi
591 1189 819 1231 invadunt
839 1189 1060 1230 terminos
1081 1191 1187 1230 tuos
1209 1191 1512 1242 statuuntque
1533 1191 1688 1230 tecum

196 1249 312 1290 inire
345 1247 620 1290 certamen’..
667 1248 755 1289 His
792 1248 962 1289 auditis
1003 1261 1095 1298 rex,
1138 1248 1268 1302 quasi
1308 1247 1483 1289 nichilg
1518 1247 1688 1289 laboris

196 1308 418 1363 preterito
466 1307 588 1349 bello
634 1307 944 1357 toleravisset,
1000 1306 1151 1361 coepit
1196 1307 1262 1348 ire
1310 1307 1471 1347 contra
1517 1307 1685 1355 hostes,

197 1362 420 1421 sumptish
447 1380 600 1408 secum
633 1366 790 1420 paucis
813 1366 1059 1407 admodum
1083 1379 1138 1407 ex
1160 1365 1428 1415 Saxonibus,
1457 1361 1533 1407 eoi
1565 1366 1687 1419 quod

195 1422 317 1467 iamk
352 1426 526 1467 bellum
568 1421 910 1467 Selavanicuml
951 1427 1149 1479 urgeret.
1224 1424 1396 1466 Castris
1437 1425 1598 1478 positis
1638 1424 1686 1465 in

198 1485 405 1526 confiniis
429 1486 766 1539 Augustanaem
795 1484 922 1526 urbis
936 1483 962 1534 ¹,
997 1484 1197 1526 occurrit
1229 1484 1270 1526 ei
1303 1484 1529 1525 exercitus
1551 1484 1687 1524 Fran—

198 1557 353 1584 corum
387 1543 837 1597 Boioariorumquen.
903 1543 1020 1584 Cum
1060 1543 1214 1584 valido
1255 1556 1435 1597 quoque
1477 1543 1685 1597 equitatu

197 1602 324 1644 venit
354 1603 404 1643 in
444 1604 594 1644 castra
626 1602 922 1644 Cuonradus⁰
961 1603 1074 1652 dux;
1118 1602 1246 1643 cuius
1279 1603 1481 1643 adventu
1513 1602 1682 1643 erectip

197 1661 367 1703 milites
398 1662 486 1702 iam
522 1661 747 1716 optabant
778 1675 870 1702 non
902 1661 1115 1703 differreq
1143 1663 1389 1703 certamen.
1442 1660 1560 1702 Nam
1588 1663 1687 1702 erat

196 1722 364 1762 natura
410 1721 596 1762 audacis
642 1720 784 1761 animi
826 1722 893 1770 et,
942 1721 1064 1774 quod
1109 1734 1264 1761 rarum
1311 1722 1381 1761 est
1421 1719 1684 1767 audacibus,

197 1780 372 1821 bonusr
409 1779 619 1821 consilii²
659 1781 718 1829 et,
763 1779 871 1820 dum
914 1793 1051 1833 eques
1094 1781 1141 1821 et
1180 1779 1289 1820 dum
1331 1778 1469 1833 pedes
1509 1779 1599 1820 iret
1637 1779 1686 1819 in

196 1839 394 1889 hostem,
443 1839 642 1880 bellator
686 1838 1010 1889 intolerabilis,
1060 1838 1184 1880 domi
1230 1837 1512 1892 militiaques
1554 1838 1687 1879 sociis

196 1911 327 1939 carus
341 1897 370 1938 3.
442 1898 595 1952 Igitur
640 1898 697 1939 ab
745 1898 984 1952 utriusque
1030 1897 1256 1939 exercitus
1302 1897 1687 1938 latrocinantibus

196 1957 454 2011 agminibus
495 1957 823 1999 notificabatur
862 1970 954 1998 non
995 1956 1132 2011 longe
1174 1956 1399 1998 exercitus
1441 1956 1498 1997 ab
1540 1956 1686 1998 altero

195 2016 308 2057 fore.
371 2016 552 2057 Ieiunio
592 2017 642 2056 in
678 2016 839 2057 castris
880 2013 1162 2070 predicatot,
1204 2015 1380 2056 iussum
1420 2017 1490 2056 est
1530 2029 1687 2056 omnes
1700 2031 1842 2063 (Anasi),

195 2075 243 2115 in
285 2074 514 2116 erastinou
550 2077 735 2129 paratos
776 2088 872 2116 esse
913 2075 1000 2115 adv
1038 2074 1225 2116 bellum.
1289 2074 1443 2115 Primo
1481 2073 1686 2115 diluculo
1700 2090 1857 2122 (Anam).

196 2178 225 2209 a)
248 2178 399 2203 bawarica
417 2178 453 2205 Δ.
473 2178 534 2206 Β1.
554 2179 651 2209 Scuto,-
669 2177 826 2203 Baioariea
845 2178 871 2202 Β
883 2178 909 2205 2.
990 2178 1021 2211 b)
1040 2177 1138 2203 ciuilis
1157 2177 1229 2203 belli
1246 2177 1273 2202 B
1286 2178 1311 2204 1.
1383 2176 1410 2210 c)
1428 2184 1528 2202 secum
1548 2183 1604 2204 om.
1621 2177 1647 2202 B
1660 2177 1686 2202 1.

196 2213 226 2244 d)
239 2213 352 2245 aliquot
364 2214 391 2238 Β
401 2214 426 2241 2.
481 2215 508 2245 e)
526 2213 725 2239 bawariorum
738 2216 774 2241 Δ.
786 2213 813 2238 Β
823 2214 854 2245 1;
874 2213 1080 2239 Baioariorum
1092 2214 1119 2238 B
1129 2214 1154 2241 2.
1166 2213 1250 2240 Frut.
1310 2211 1332 2245 f)
1345 2215 1376 2238 et
1389 2213 1457 2240 add.
1469 2213 1500 2240 C.
1559 2212 1589 2244 g)
1602 2213 1687 2244 quasi

195 2249 306 2275 laboris
325 2249 443 2281 oblitus,
464 2256 551 2281 quem
570 2249 732 2282 praeterito
750 2251 799 2276 etc.
817 2249 878 2277 ΒΞ.
944 2248 977 2281 11)
989 2249 1174 2282 sumptisque
1187 2249 1222 2275 A.
1292 2249 1314 2279 i)
1327 2251 1358 2274 et
1370 2247 1410 2281 (γ)
1423 2249 1460 2273 Α.
1528 2247 1559 2279 k)
1578 2248 1688 2273 bellum

196 2284 254 2309 iam
272 2285 341 2318 B1;
361 2285 430 2312 bell.
449 2285 539 2312 sclav.
558 2285 617 2310 iam
636 2286 712 2312 Anu.
726 2284 829 2316 Maqtl.
899 2285 920 2315 1)
938 2285 979 2309 sic
998 2285 1066 2318 313
1085 2285 1269 2310 slauanicum
1288 2285 1324 2311 A.
1342 2284 1381 2315 C,-
1399 2283 1608 2309 Sclauonieum
1626 2283 1687 2310 132.

194 2320 277 2348 Frut.
296 2321 371 2347 Arm.
389 2321 506 2351 Magum
524 2321 704 2346 slauonicum
723 2320 811 2348 saxo.
866 2319 906 2353 m)
928 2323 1072 2352 augustae
1090 2320 1176 2345 Frut.
1241 2321 1273 2350 n)
1292 2320 1549 2350 bawariorumque
1569 2320 1605 2346 A.
1617 2319 1644 2343 B
1655 2321 1686 2351 13

196 2355 459 2387 Baioariorumque
477 2356 545 2390 B2;
573 2359 603 2381 et
621 2355 821 2381 baioariorum
838 2355 939 2386 Frum-
964 2359 994 2381 et
1012 2356 1201 2381 bawarorum
1220 2355 1317 2385 Saum,-
1340 2358 1371 2380 et
1390 2355 1588 2380 bawariorum
1610 2356 1686 2381 Arm.

194 2391 295 2422 Maqd.
372 2391 401 2424 o)
420 2390 566 2417 conradus
584 2393 620 2419 A.
638 2392 702 2419 Β1.
723 2392 752 2419 0.
771 2391 860 2419 Saxo.
877 2391 953 2418 Ann.
970 2391 1086 2423 Mami„-
1115 2389 1270 2417 Gunradus
1288 2390 1356 2422 B2;
1387 2388 1576 2415 chuonradus
1601 2390 1686 2415 Frut.

194 2428 227 2458 p)
250 2426 311 2453 mil.
335 2427 427 2452 erecti
450 2427 476 2451 B
492 2429 517 2455 1.
542 2427 624 2454 Frut.
733 2428 763 2458 q)
786 2428 828 2452 sic
851 2427 887 2454 A.
906 2427 932 2452 B
945 2427 971 2454 2.
990 2427 1020 2454 C.
1043 2427 1120 2455 Anu.
1138 2426 1254 2458 Maqd.;
1279 2425 1395 2451 differri
1413 2426 1475 2452 Β1.
1493 2426 1577 2452 Ft-ut.
1597 2426 1686 2452 Saxo.

195 2462 223 2492 r)
240 2462 281 2486 εἰσ
293 2462 330 2488 Α.
344 2462 382 2493 C,-
401 2463 470 2487 boui
488 2463 604 2488 consilii
621 2463 648 2488 B
659 2464 690 2494 13
711 2462 789 2488 bono
809 2462 928 2488 consilio
947 2462 1015 2495 1323
1035 2462 1130 2488 bonus
1150 2462 1275 2487 consilio
1293 2462 1378 2486 Frui.
1392 2462 1481 2488 Saxo.
1494 2461 1571 2488 Anu.
1585 2461 1686 2492 Mayd.

196 2498 221 2527 s)
243 2498 285 2521 eie
309 2497 396 2522 ettam
414 2498 493 2523 Saxo
514 2500 540 2522 et
558 2499 633 2525 Arm.
651 2498 769 2529 Mayd.;
792 2506 828 2523 ac
848 2498 955 2523 militia
972 2498 1074 2529 Frut.;
1100 2498 1282 2529 militiaeque
1299 2497 1352 2522 Β2
1370 2498 1496 2528 saepius.
1595 2496 1619 2528 t)
1643 2497 1686 2522 in-

196 2532 275 2557 dicto
294 2532 355 2559 132.
427 2533 458 2565 u)
477 2533 507 2558 in
526 2533 688 2558 erastinum
706 2534 767 2560 132.
786 2534 875 2560 Saxo.
948 2534 978 2564 v)
997 2534 1028 2558 in
1048 2533 1125 2558 bello
1143 2533 1205 2560 Β1.

199 2603 233 2645 1)
262 2603 316 2636 De
348 2603 415 2636 hac
445 2613 572 2646 pugna
605 2604 708 2646 vulyo
733 2614 774 2636 ac
796 2607 895 2643 reete,
930 2607 970 2636 ut
995 2613 1122 2645 censeo,
1156 2604 1196 2636 iu
1220 2602 1389 2644 Lechfeld
1413 2602 1577 2635 collocata
1611 2602 1688 2634 vide

196 2661 287 2694 quae
322 2650 594 2695 disputaverunt
625 2650 815 2692 Wyneken,
854 2648 1012 2686 ‘Forsan
1045 2662 1076 2685 z.
1112 2650 1158 2686 D.
1196 2650 1250 2685 G!
1285 2649 1392 2691 XXI,
1426 2661 1463 2692 p.
1497 2650 1567 2684 239
1588 2659 1687 2692 899,-

196 2697 351 2738 Kb‘stler,
389 2698 469 2731 ‘Die
506 2697 811 2740 Unyarnschlacht
847 2698 920 2738 auf
951 2698 1029 2730 dem
1065 2696 1264 2739 Leehfelde'
1300 2697 1452 2739 (1884),·
1488 2695 1686 2738 Bruchner,

199 2744 358 2778 ‘Studien
373 2756 406 2780 z.
426 2745 468 2780 G.
487 2745 520 2779 d.
538 2744 653 2779 soeohs.
670 2744 822 2777 Kaiser’
836 2743 1004 2785 (Dissert.
1023 2744 1139 2779 Basil.
1158 2745 1267 2786 1889)
1284 2754 1324 2787 p.
1344 2745 1387 2778 17
1398 2754 1470 2786 sqq.
1480 2753 1495 2783 ‚·
1519 2744 1689 2786 inprimis

196 2795 312 2825 autem
328 2792 516 2825 Dummler
529 2803 565 2835 p.
580 2793 651 2827 254
662 2802 760 2835 sqq.,·
780 2791 993 2834 Grandaur,
1013 2790 1302 2824 ‘Geschichtschou
1320 2790 1354 2825 d.
1372 2789 1557 2823 deutschen
1569 2789 1687 2825 Vorz!

197 2839 248 2873 ed.
274 2840 308 2873 2.
336 2839 481 2881 XXXI,
505 2840 540 2882 2,
574 2850 609 2883 p.
636 2840 682 2874 96
698 2849 798 2882 sqq.;
832 2838 877 2871 ab
904 2837 1091 2879 Ottenthal,
1116 2837 1199 2880 Rey.
1222 2837 1314 2880 Imp.
1340 2837 1392 2878 II,
1426 2847 1484 2871 ur.
1506 2838 1686 2873 240e—i.

203 2885 461 2919 Widukimlum
484 2891 516 2920 et
539 2886 758 2929 Ruotqerum
783 2886 828 2927 (c.
852 2886 917 2927 35)
942 2885 1074 2918 easdem
1101 2884 1288 2918 relationes
1312 2884 1353 2918 de
1372 2885 1510 2927 proelio
1534 2885 1687 2927 scriptas

198 2932 319 2975 leyisse
339 2935 523 2976 supposuit
541 2933 732 2976 Dierauer,
758 2933 898 2976 ‘Ruotffi
915 2943 950 2968 u.
968 2932 1031 2966 der
1044 2932 1232 2973 Ausetand
1252 2941 1319 2964 von
1340 2931 1424 2967 953’
1443 2942 1483 2974 p.
1501 2932 1548 2967 38
1557 2943 1571 2971 ,·
1595 2932 1687 2975 quod

199 2979 301 3022 Juuq
325 2979 348 3014 l.
365 2979 388 3014 l.
409 2990 448 3022 p.
465 2981 498 3016 8.
524 2991 609 3014 sane
632 2982 712 3014 iure
735 2981 915 3022 refutavit.
1007 2980 1043 3023 2)
1072 2979 1219 3014 Sallust.
1244 2978 1324 3021 Iuy.
1350 2988 1376 3013 c.
1397 2980 1434 3013 7:
1461 2978 1577 3012 bonus
1602 2989 1686 3012 con-

198 3024 287 3061 silio.
366 3026 404 3069 3)
418 3026 552 3061 Eadem
573 3028 650 3069 fere
667 3028 748 3062 laus
765 3027 927 3061 Conradi
947 3027 1021 3060 iam
1046 3037 1159 3070 supra
1182 3037 1218 3069 p.
1237 3027 1294 3066 80,
1313 3025 1336 3061 l.
1353 3028 1383 3061 1.
1400 3027 1435 3061 2.
1455 3026 1603 3070 prolata
1627 3029 1685 3060 est.
