2034 3380
378 360 424 394 46
974 355 1262 392 WIDUKINDI

286 489 364 522 929.
380 491 486 532 ergo
518 480 626 532 pera
662 490 818 519 omnes
850 491 981 532 agros
1013 479 1324 530 caederentur,
1368 478 1424 520 ad
1462 478 1623 520 urbem
1662 479 1858 521 vicinam

220 1019 310 1051 (Sept.
320 1020 361 1052 ὅ).

378 537 538 590 fugere
569 532 906 591 temptabantb.
960 536 1148 592 Collega
1178 540 1334 579 autem
1365 538 1452 579 hoc
1484 537 1548 579 eis
1574 540 1858 592 precavente‚

378 595 633 649 proximum
679 595 832 637 marel
869 595 1063 649 ingressi
1108 598 1227 646 sunt,
1276 599 1323 638 et
1362 597 1429 638 ita
1467 596 1643 637 factum
1685 598 1766 646 est,
1806 599 1860 638 ut

377 653 524 695 omnis
555 653 638 695 illa
668 654 810 695 nimia
840 654 1092 696 multitudo
1124 657 1205 696 aut
1236 655 1391 709 gladio
1414 657 1758 697 consumeretur
1779 656 1860 696 aut

376 713 425 753 in
457 713 572 753 mari
603 715 897 767 mergeretur.
949 713 1046 755 Nec
1077 714 1285 768 peditum
1317 714 1440 755 ullus
1466 714 1706 768 superfuit,
1741 714 1860 767 equi·

376 773 476 812 tum
507 771 807 822 rarissimus⁰‚
841 772 1175 826 deponiturque
1197 772 1370 814 bellum
1402 786 1505 814 cum
1527 786 1634 814 casu
1656 772 1860 814 omnium

378 829 751 872 adversariorum.
804 830 974 885 Ingens
995 831 1172 872 interea·
1203 832 1350 872 oritur
1375 831 1554 873 laetitia
1576 845 1631 873 ex
1651 827 1855 873 recentid

376 888 580 939 victoria,
630 889 739 930 dum
782 903 937 931 omnes
978 889 1171 930 laudant
1211 890 1362 940 duces,
1403 890 1714 944 unusquisque
1751 903 1858 932 vero

376 947 576 988 militum
616 947 823 1002 predicat
863 947 1050 998 alium⁰‚
1092 948 1309 1002 ignavum
1349 961 1541 1002 quoque,
1587 950 1642 988 ut
1685 949 1734 989 in
1773 948 1859 989 tali

375 1006 564 1047 fortuna
595 1006 712 1047 solet
744 1006 843 1047 fieri
856 1006 883 1046 ².
939 1002 1157 1048 Posteraf
1194 1009 1348 1048 autem
1380 1006 1482 1048 luce
1513 1008 1699 1048 movent
1728 1007 1860 1061 signa

375 1064 479 1105 urbi
510 1064 736 1118 prefatae3
770 1064 937 1106 urbani
960 1078 1066 1106 vero
1098 1078 1225 1106 arma
1254 1065 1504 1120 deponunt,
1537 1064 1733 1107 salutem
1762 1067 1860 1106 tan·

375 1123 612 1164 tummodo
645 1123 899 1178 deposcunt
929 1137 982 1165 ac
1014 1125 1260 1165 merentur.
1324 1124 1527 1166 Inermes
1567 1123 1711 1191 igitur
1747 1123 1859 1166 urbe

377 1181 562 1236 egredig
595 1182 728 1233 iussi;
771 1182 947 1223 servilis
979 1185 1133 1224 autem
1165 1183 1368 1224 conditio
1401 1184 1448 1224 et
1479 1182 1626 1224 omnis
1665 1182 1861 1237 pecunia

377 1254 480 1282 cum
510 1240 727 1282 uxoribus
759 1243 805 1282 et
837 1241 943 1282 filiis
975 1243 1022 1283 et
1053 1241 1177 1282 omni
1213 1241 1523 1296 suppellectili
1563 1241 1859 1283 barbarorum

375 1294 522 1352 regish
560 1295 1755 1354 0011111111150110111*0001001111(1001(1011111133013101111
1805 1313 1860 1341 ex

375 1358 543 1399 nostris
582 1358 631 1398 in
676 1358 758 1399 1110
805 1358 949 1412 prelio
997 1354 1117 1400 duok
1160 1355 1413 1400 Liutharii¹
1464 1361 1511 1401 et
1556 1359 1636 1399 alii
1681 1358 1859 1400 nobiles

375 1416 461 1457 viri
493 1416 718 1457 nonnulli.
781 1417 933 1471 Igitur
964 1417 1143 1471 legatus
1176 1431 1276 1459 011111
1312 1418 1489 1471 collega
1520 1419 1567 1459 et
1607 1417 1708 1458 aliis
1740 1417 1859 1471 prin·

378 1475 554 1530 cipibus
604 1475 847 1517 Saxoniam
898 1476 1092 1518 victores
1148 1476 1318 1518 reversi
1377 1476 1625 1518 honorifice
1675 1489 1703 1517 a
1751 1489 1858 1530 rege

376 1536 484 1575 sunt
516 1535 715 1588 suscepti
747 1535 947 1589 satisque
979 1535 1170 1585 laudati,
1213 1535 1291 1588 qui
1330 1535 1481 1590 parvis
1522 1534 1663 1589 copiis
1704 1534 1860 1575 divina

375 1592 560 1634 favente
593 1593 838 1634 clementia
868 1594 1157 1647 magnificam
1201 1594 1567 1648 perpetraverint
1606 1593 1857 1635 victoriam.

375 1650 494 1692 Nam
525 1651 656 1692 fuere
688 1652 766 1705 qui
797 1651 1002 1694 dicerent
1028 1652 1325 1694 barbarorum
1346 1653 1546 1694 ducenta
1566 1651 1694 1693 milia
1715 1665 1858 1694 caesa.

377 1708 634 1764 Captivim·4
664 1723 819 1752 omnes
851 1713 1062 1765 posteran
1098 1711 1184 1760 die,
1224 1712 1278 1751 ut
1309 1711 1579 1766 promissum
1611 1710 1856 1760 habebant,

374 1767 652 1809 obtruncati.

517 1827 763 1868 XXXVII.
809 1827 975 1882 Itaque
1005 1828 1204 1870 recentis
1235 1828 1453 1870 victoriae
1478 1827 1703 1870 laetitiam
1726 1840 1858 1882 01180-

376 1885 490 1926 bant
520 1886 711 1940 nuptiae
742 1887 932 1941 regaleS,
975 1901 1091 1941 quae
1123 1900 1176 1929 00
1206 1889 1413 1941 tempore
1443 1887 1686 1940 magnifica
1725 1886 1858 1940 largi·

376 1945 473 1985 tate
506 1944 903 1986 celebrabantur0.
964 1945 1084 1987 Nam
1115 1959 1194 1988 rex
1233 1945 1362 1987 dedit
1401 1945 1496 1987 filio
1528 1959 1610 1987 suo
1642 1944 1851 1988 Oddonip

375 2059 405 2089 a)
434 2065 489 2090 per
512 2061 582 2090 post
610 2059 680 2086 aad.
710 2059 750 2092 C,·
781 2066 880 2085 omnes
908 2066 961 2091 per
989 2067 1075 2092 agros
1102 2060 1128 2085 B
1144 2061 1170 2086 1.
1278 2059 1310 2093 b)
1341 2061 1498 2086 tentabant
1527 2060 1554 2085 B
1569 2060 1602 2092 2;
1633 2060 1797 2086 temtabant
1827 2060 1857 2086 C.

376 2093 403 2126 c)
422 2094 565 2119 rarissimi
583 2094 643 2122 Bl.
734 2093 765 2126 d)
790 2095 934 2121 crescenti
959 2095 989 2122 C.
1079 2095 1107 2128 e)
1132 2094 1362 2129 euangelium(l)
1380 2096 1470 2121 alium
1489 2095 1555 2124 ΒΣ.
1605 2112 1608 2114 -
1652 2095 1675 2129 f)
1701 2095 1810 2120 Postea
1829 2095 1860 2122 C.

374 2128 405 2161 g)
425 2127 556 2161 degressi
574 2137 651 2157 corr.
670 2130 770 2162 egredi
791 2131 820 2158 C.
883 2131 914 2164 h)
933 2133 1001 2162 poet
1019 2132 1097 2163 regis
1110 2134 1249 2163 punctum
1268 2131 1389 2156 collocat
1407 2131 1443 2158 A.
1508 2131 1529 2161 i)
1554 2134 1654 2156 autem
1672 2130 1739 2163 1313
1758 2133 1859 2156 tamen

375 2164 463 2192 Saoeo.
543 2165 574 2197 k)
602 2165 659 2190 duo
680 2173 734 2193 om.
754 2165 784 2193 0.
864 2166 886 2197 1)
914 2166 1036 2191 lutharii
1054 2167 1098 2197 A,-
1117 2167 1251 2192 luitharii
1270 2167 1337 2199 1313
1366 2166 1488 2192 lotharii
1507 2166 1597 2192 Saxo.
1681 2166 1722 2196 m)
1746 2165 1858 2196 captiui

375 2206 451 2226 corr.
470 2200 558 2231 capiti
578 2200 607 2228 C.
690 2200 721 2234 n)
741 2199 788 2226 die
807 2203 927 2233 postera
945 2201 1007 2229 Bl.
1089 2201 1119 2234 o)
1138 2202 1327 2228 celebrantur
1345 2203 1383 2228 A.
1402 2202 1466 2229 B2.
1537 2200 1568 2234 p)
1586 2201 1627 2226 eie
1645 2203 1670 2226 ot
1687 2201 1749 2228 131.
1768 2201 1803 2232 2,·
1820 2201 1857 2231 εἰ,

373 2241 466 2266 supra
479 2243 513 2266 p.
528 2236 572 2268 22,
593 2243 620 2264 n.
636 2236 665 2264 b.

374 2330 411 2372 1)
449 2329 565 2362 Redde
589 2328 688 2372 ‘See’‚
715 2340 787 2363 non
812 2330 955 2373 ‘Moor’‚
981 2332 1071 2363 sicut
1095 2330 1333 2365 Wattenbach.
1383 2330 1498 2373 Prope
1521 2329 1658 2363 Lenzen
1690 2328 1859 2363 nonnulli

373 2377 535 2418 quamvis
559 2377 712 2409 minores
737 2377 835 2409 lacus
859 2378 898 2410 in
922 2378 1007 2410 locis
1031 2377 1205 2421 depressis
1224 2378 1290 2410 siti
1307 2380 1414 2418 3100,-
1436 2377 1482 2418 cf.
1499 2376 1543 2411 R.
1559 2375 1733 2418 Vir-choto,
1753 2375 1856 2409 ‘Ver-

374 2422 496 2457 handl.
523 2423 586 2456 der
610 2423 776 2457 Berliner
802 2423 982 2459 Gesellsch.
1008 2424 1076 2466 fiir
1099 2423 1389 2467 Anthropoloyie,
1414 2422 1623 2466 Ethnoloyie
1648 2422 1724 2456 und
1747 2422 1857 2465 Urye-

373 2469 656 2505 schiohte’1886.
679 2472 813 2513 p.424.
903 2470 939 2515 2)
965 2471 1110 2508 Sallust,
1128 2470 1207 2514 Iuy.
1226 2481 1253 2506 c.
1271 2473 1336 2507 53:
1361 2469 1483 2515 Igitur
1505 2480 1572 2513 pro
1589 2471 1690 2503 metu
1705 2470 1857 2513 repente

373 2515 547 2560 gaudium
565 2518 753 2550 exortum:
778 2516 910 2551 milites
928 2517 1016 2550 alius
1034 2517 1145 2551 alium
1161 2517 1249 2551 laeti
1266 2516 1462 2562 appellant,
1480 2518 1561 2550 acta
1578 2515 1732 2551 edocent
1749 2517 1857 2560 atque

374 2561 536 2605 audiunt,
562 2574 626 2596 sua
650 2563 801 2607 quisque
829 2563 938 2597 fortia
963 2563 1060 2598 facta
1085 2563 1131 2598 ad
1156 2564 1297 2598 caelum
1321 2564 1403 2599 fert.
1444 2562 1588 2608 Quippe
1603 2574 1662 2597 res
1678 2562 1857 2597 humanae

374 2609 425 2642 ita
450 2620 527 2643 sese
551 2609 706 2644 habent:
732 2610 775 2643 in
799 2610 991 2644 victoria
1014 2611 1083 2646 vel
1109 2610 1283 2656 ignavis
1308 2610 1498 2656 gloriari
1525 2610 1650 2654 licet,
1684 2609 1857 2644 advorsae

372 2666 431 2690 res
457 2655 567 2690 etiam
591 2656 706 2691 bonos
732 2657 946 2693 detrectant.
1042 2658 1078 2703 3)
1106 2658 1161 2700 Cf.
1187 2659 1284 2694 Amt.
1303 2658 1521 2692 corbeienses
1543 2668 1577 2694 α.
1595 2658 1675 2701 929,
1702 2656 1764 2692 SS.
1781 2656 1856 2699 III,

368 2714 409 2746 p.
426 2705 469 2738 4.
493 2703 666 2747 prostrati
691 2707 774 2738 sunt
800 2703 844 2739 de
868 2703 1019 2750 paganis
1046 2707 1115 2741 120
1139 2704 1252 2749 milia,
1278 2704 1413 2749 captivi
1435 2715 1522 2739 vero
1546 2706 1636 2748 800;
1662 2703 1708 2738 de
1724 2702 1856 2737 nostris

374 2760 459 2784 vero
485 2749 557 2784 duo
582 2750 692 2785 duces
716 2750 907 2794 Liutharii,
934 2751 1081 2795 quidam
1105 2762 1191 2786 vero
1215 2751 1406 2794 vulnerati,
1433 2751 1494 2786 alii
1519 2753 1640 2785 autem
1672 2749 1856 2795 prostrati.

374 2798 427 2830 De
451 2797 656 2831 Liuthariis
679 2799 755 2832 vide
783 2798 976 2834 Tha'etmar.
1002 2799 1033 2842 Ι,
1061 2801 1117 2843 10,
1144 2799 1207 2834 SS.
1234 2810 1265 2835 r.
1287 2800 1328 2835 G.
1358 2811 1394 2843 p.
1418 2801 1439 2834 7
1455 2809 1518 2842 sq.,
1549 2801 1581 2832 et
1604 2808 1693 2841 quae
1716 2797 1768 2831 ibi
1790 2807 1856 2830 an-

373 2847 497 2877 notata
528 2847 621 2879 sunt.
682 2845 839 2886 Quorum
874 2846 966 2880 alter
1001 2850 1079 2879 erat
1115 2856 1224 2880 comes
1259 2847 1300 2880 de
1332 2846 1505 2889 Walbeeh
1542 2845 1635 2879 alter
1666 2845 1709 2878 de
1737 2844 1855 2880 Stude.

1885 1019 1919 1044 10

1885 1311 1918 1337 15

1885 1348 1931 1380 *μ
1942 1349 2004 1376 434.

1883 1605 1919 1631 20

1882 1898 1917 1925 25

1882 2164 1917 2190 30

1881 2427 1915 2453 35

373 2890 411 2932 4)
442 2890 540 2924 Haec
564 2901 641 2924 cum
665 2893 714 2925 eis
738 2903 826 2935 quae
851 2894 1057 2926 antecedunt
1083 2904 1221 2937 parum
1250 2894 1429 2927 convenire
1461 2895 1549 2926 recte
1578 2893 1714 2925 monuit
1741 2891 1856 2925 Giese-
1879 2896 1914 2922 45

374 2937 504 3019 breigto
525 2937 555 2980 I,
589 2949 627 3019 2313.
653 2940 734 2974 812.
773 2943 802 2972 et
837 2944 920 2982 post
955 2940 1078 2973 addita
1115 2951 1184 2974 esse
1220 2942 1337 2975 censet.
1388 2939 1445 2981 Cf.
1482 2939 1610 2981 Waitz,
1645 2938 1783 2974 ‘Raima
1810 2938 1854 2974 I!

369 2995 409 3027 p.
505 3008 515 3025 ,
541 2995 575 3019 n.
627 3009 635 3018 .
