2034 3380
2 3045 30 3166 qm·
0 2594 42 3063 =v¹·ff‘”'ſs⁸²·1'³=¹':-355ffl*‘''⁵3⁵‘0'
8 2559 19 2572 ,κ
0 2458 27 2530 ·;⁴r⁷-=
0 2370 17 2436 ‘w-
0 2332 9 2339 ³

70 2852 81 2857 Ι

405 356 589 392 RERUM
614 355 896 392 GESTARUM
919 355 1296 392 SAXONIOARUM
1319 356 1416 392 LIB.
1441 355 1517 393 ΠΙ.
1638 358 1704 392 101

217 478 334 520 estlz
371 478 631 528 ‘Paterer⁸',
672 477 841 531 inquit,
886 477 937 518 ‘si
976 477 1236 531 indignatio
1267 478 1351 518 filii
1388 478 1478 520 mei
1510 480 1704 520 caetero-
1718 485 1800 521 954.

215 551 406 591 rumque
438 537 626 578 insidias
657 536 948 578 tendentium
980 550 1053 578 me
1088 536 1236 578 solum
1266 538 1502 590 torqueret
1534 539 1580 578 et
1611 551 1706 579 non

215 598 366 637 totum
399 595 651 637 Christiani
681 595 879 636 nominis
912 595 1133 650 populum
1167 595 1473 650 perturbaret.
1535 596 1704 637 Parum

216 658 335 697 esset
367 655 502 696 urbes
534 667 656 705 meas
689 667 813 695 more
846 654 1077 695 latronum
1110 654 1330 696 invasisse
1371 650 1697 708 regionesqueb

173 732 190 756 5
216 728 242 754 a
273 716 399 755 mea0
437 714 667 767 potestate
698 713 916 767 rapuisse,
949 709 1067 754 nisid
1103 713 1462 768 propinquorum
1499 727 1705 755 meorum

216 786 267 814 ac
309 772 645 814 carissimorum
690 772 910 813 comitum
956 773 1179 827 sanguine
1221 773 1513 814 satiarentur.
1585 772 1703 814 Ecce

213 831 311 873 sine
343 830 450 872 filiis
482 831 616 873 sedeo
649 831 850 881 orbatus,
884 832 991 872 dum
1014 831 1161 872 filium
1184 832 1502 886 gravissimum
1523 832 1703 873 hostem

213 890 384 944 pati0r;
428 903 560 944 quem
602 889 852 944 plurimum
893 891 1043 932 amavi
1075 893 1122 932 et
1155 904 1182 932 a
1213 891 1461 932 mediocri²
1501 890 1602 932 loco
1645 891 1703 932 ad

213 963 441 990 summum
457 949 649 1003 gradum
667 962 985 1003 summumque
999 950 1219 991 honorem
1235 950 1422 1004 provexi
1432 949 1460 999 3,
1482 950 1696 991 unicume

155 1026 189 1050 ιο
214 1007 359 1049 filium
401 1021 553 1049 meum
593 1003 809 1049 habetf·4
849 1009 1090 1050 adversum
1133 1012 1251 1050 meg.
1318 1008 1575 1050 Tolerabile
1615 1009 1702 1050 hoc

214 1062 491 1120 utcumqueh
526 1067 660 1117 foret,
704 1067 742 1108 si
777 1062 894 1108 noni
936 1067 1025 1109 Dei
1065 1068 1393 1122 hominumque
1424 1067 1600 1109 inimici
1630 1067 1702 1109 his

214 1122 390 1167 causisk
425 1126 840 1168 introducerentur.
911 1126 1050 1168 Modo
1092 1140 1287 1181 regnum
1330 1140 1482 1168 meum
1529 1126 1703 1168 habent

214 1184 483 1235 desolatum,
516 1184 737 1239 populum
771 1187 956 1239 captum
987 1185 1061 1227 vel
1100 1186 1411 1236 interfectum,
1454 1185 1589 1227 urbes
1631 1186 1702 1227 de-

213 1245 430 1293 structas,
469 1243 643 1298 templa
683 1257 916 1294 succensa,
959 1245 1219 1286 sacerdotes
1259 1245 1506 1295 extinct0s;
1549 1245 1702 1286 adhuc

154 1318 188 1344 15
213 1303 401 1344 madent
432 1302 654 1356 sanguine
669 1302 685 1326 ⁵
715 1302 911 1357 plateae.
963 1303 1090 1344 Auro
1116 1316 1216 1345 meo
1238 1306 1284 1345 et
1307 1305 1511 1358 argento,
1536 1303 1701 1357 quibus

213 1361 360 1402 filium
406 1374 715 1415 generumque
768 1362 932 1412 ditavi,
986 1363 1141 1404 hostes
1190 1361 1363 1404 Christi
1415 1362 1544 1404 sedes
1596 1375 1701 1403 suas

212 1416 445 1462 remeunt¹
486 1420 694 1462 refertim.
756 1419 878 1472 Quid
917 1421 1088 1475 igiturn
1125 1422 1323 1476 supersit
1360 1421 1557 1472 sceleris,
1591 1421 1701 1475 quid

214 1479 450 1533 perfidiae,
493 1479 752 1534 excogitare
792 1480 1045 1534 nequeam'.
1116 1480 1203 1521 His
1245 1481 1380 1522 dictis
1420 1480 1569 1522 tacuit
1608 1493 1700 1522 rex.

215 1537 461 1579 Heinricus
482 1538 676 1580 laudans
698 1539 976 1580 sententiam
997 1539 1118 1593 regis
1144 1539 1394 1589 subiunxit,
1418 1539 1526 1593 quia
1546 1539 1701 1581 hostes

154 1614 189 1638 20
214 1597 413 1638 secundo
459 1597 597 1638 victi⁰
644 1597 829 1652 publico
876 1598 1126 1640 certamine
1165 1598 1365 1652 maligne
1407 1612 1459 1640 ac
1506 1598 1700 1652 pessime

214 1656 590 1706 conducerentur,
633 1670 722 1710 quo
753 1656 828 1697 via
859 1656 923 1698 eis
962 1657 1129 1698 iterum
1170 1657 1386 1699 laedendi
1425 1657 1700 1711 aperiretur;

213 1728 394 1756 omnem
415 1714 727 1756 calamitatem
748 1729 1019 1769 omnemque
1040 1715 1242 1757 laborem
1275 1715 1557 1757 consultiusp
1583 1715 1702 1757 velle

213 1774 323 1828 pati,
357 1787 493 1827 quam
526 1787 813 1815 communem
845 1774 1025 1816 hostem
1065 1788 1282 1828 umquam
1322 1775 1370 1815 in
1411 1775 1530 1816 fideq
1566 1774 1702 1815 susci-

212 1834 387 1887 peretr.
441 1832 527 1873 His
559 1833 694 1874 dictis
716 1833 990 1874 Liudulfus⁸
1019 1834 1269 1888 procedens
1301 1833 1390 1875 ait:
1425 1832 1702 1875 ‘Conductos

154 1907 188 1932 25
213 1891 454 1933 adversum
486 1905 558 1933 me
589 1892 799 1946 pecunia,
834 1892 998 1942 fateor,
1032 1892 1226 1942 obtinui,
1270 1906 1327 1934 ne
1358 1906 1431 1934 me
1471 1892 1702 1946 michique

213 1950 442 1992 subiectos
474 1950 725 1992 laederent.
779 1951 827 1992 Si
857 1951 907 1991 in
941 1952 1026 1993 hac
1057 1953 1189 2006 parte
1213 1951 1456 2006 culpabilis
1477 1951 1700 2006 predicor,

214 2009 329 2050 sciat
352 2022 422 2050 me
444 2009 590 2050 omnis
612 2009 809 2064 populus
836 2010 923 2051 hoc
954 2010 1073 2051 nont
1102 2010 1406 2061 voluntarieu‚
1435 2010 1514 2052 sed
1536 2009 1702 2050 ultima

214 2068 487 2109 necessitate
519 2070 730 2109 eoactum
760 2068 952 2110 fecisse’.
1014 2069 1304 2110 Postremum
1335 2069 1545 2123 pontifex
1586 2081 1701 2109 sum-

214 2139 314 2167 mus
345 2126 571 2168 rationem
602 2126 867 2168 redditurus
898 2127 1102 2178 intravit,
1126 2127 1399 2181 promittens
1422 2140 1468 2169 se
1490 2140 1702 2181 quocum-

155 2200 189 2226 30
214 2188 331 2238 quev
380 2188 491 2226 rexW
537 2185 879 2240 imperavisset¹
929 2186 1101 2227 iudicio
1156 2186 1520 2240 significaturum
1575 2199 1702 2226 num-

214 2257 349 2297 quam
411 2245 571 2285 contra
631 2258 782 2298 regem
846 2245 1038 2287 sensisse
1089 2244 1162 2286 vel
1213 2244 1332 2287 velle
1385 2244 1455 2286 vel
1516 2245 1700 2294 fecisse;

212 2302 377 2344 timore
419 2304 628 2344 coactum
670 2317 697 2344 a
736 2317 844 2358 rege
887 2304 1158 2354 discessisse,
1202 2303 1427 2346 offensum
1468 2303 1558 2346 sibi
1598 2317 1703 2345 eum

213 2429 242 2458 a)
260 2429 351 2454 Pater
369 2429 394 2453 A
401 2438 413 2459 ,-
431 2432 550 2461 pateret
568 2430 658 2457 Saxo.
730 2429 761 2462 b)
781 2430 914 2461 regiones
933 2430 995 2457 132.
1073 2429 1100 2462 e)
1120 2433 1210 2456 antea
1228 2437 1288 2462 pro
1308 2437 1326 2455 a
1344 2437 1410 2455 mea
1428 2430 1464 2458 A.
1542 2428 1573 2461 d)
1592 2430 1623 2455 ni
1641 2430 1703 2458 ΒΞ.

214 2467 242 2495 e)
266 2471 357 2489 unum
377 2472 453 2496 corr.
470 2465 589 2490 unicum
610 2466 647 2491 A.
725 2464 749 2497 f)
774 2466 815 2489 sic
834 2466 869 2492 A.
891 2465 920 2492 C'.
941 2466 1038 2496 Saxo;
1063 2466 1159 2491 habeo
1178 2466 1239 2492 Bl.
1258 2466 1284 2494 2.
1362 2467 1394 2498 g)
1418 2466 1459 2490 m'c
1477 2465 1538 2493 ΒΞ.
1558 2465 1587 2492 C.
1607 2466 1703 2495 Saxo,-

155 2499 189 2524 35
214 2505 352 2524 auersum
371 2507 390 2524 a.
408 2506 455 2525 me
474 2500 510 2525 A.
530 2500 590 2527 Bl.
609 2514 645 2519 —
665 2500 845 2525 Tollen-abile
863 2501 924 2528 Bl.
984 2500 1017 2532 h)
1037 2503 1131 2526 totum
1150 2501 1212 2528 ΒΞ.
1272 2502 1293 2532 i)
1311 2501 1352 2526 sic
1370 2501 1432 2528 Bl.
1446 2501 1472 2528 2.
1485 2501 1515 2528 C.
1529 2501 1626 2531 Saxo;
1645 2508 1702 2526 non

209 2537 278 2565 post
297 2535 393 2560 causis
407 2535 493 2566 ponit
511 2535 547 2562 A.
601 2534 633 2567 k)
652 2542 711 2560 non
724 2535 751 2562 h.
765 2536 783 2563 l.
797 2536 823 2560 A
835 2536 878 2566 (n.
891 2536 916 2568 i)
928 2538 953 2560 et
972 2537 1075 2561 iterum
1095 2537 1164 2561 add.
1178 2537 1205 2561 Β
1216 2537 1240 2564 l.
1294 2535 1316 2568 l)
1334 2537 1374 2561 sic
1387 2537 1427 2567 C,·
1445 2539 1580 2562 remeant
1592 2537 1628 2564 A.
1639 2536 1701 2568 1323

214 2572 348 2595 remeant
365 2576 417 2597 sec.
436 2577 524 2594 manu
543 2577 619 2596 corr.
640 2573 775 2595 remeunt
792 2571 860 2602 313
882 2570 1008 2597 redeunt
1026 2572 1118 2597 Saxo.
1188 2571 1228 2604 m)
1247 2572 1354 2597 referri
1374 2572 1434 2597 Bl.
1500 2573 1530 2602 n)
1551 2579 1621 2603 ergo
1640 2571 1703 2598 ΒΞ.

214 2605 303 2632 Saxo.
357 2607 386 2636 ο)
405 2605 484 2630 uicto
503 2605 566 2631 Bl.
621 2604 653 2637 p)
671 2606 822 2631 consultus
841 2606 902 2633 Bl.
957 2608 987 2637 q)
1006 2607 1046 2631 sic
1064 2607 1100 2634 A.
1112 2607 1175 2635 Bl.
1187 2607 1216 2634 C.
1233 2607 1331 2637 Saxm
1350 2605 1439 2632 fidem
1452 2606 1513 2633 ΒΖ.
1568 2608 1594 2637 r)
1612 2606 1703 2631 susei-

215 2647 286 2671 pere
304 2640 365 2667 Bl.
420 2641 446 2671 s)
464 2641 504 2665 sic
523 2641 550 2667 h.
564 2640 582 2667 l.
602 2641 687 2665 etiam
707 2640 774 2672 1323
793 2639 924 2666 ludolfus
943 2643 986 2672 A,·
1005 2642 1146 2667 liudolfus
1166 2642 1227 2669 Bl.
1246 2643 1334 2669 Saxo.
1353 2643 1430 2667 Ann.
1445 2641 1544 2672 Maga.
1602 2640 1625 2674 t)
1644 2648 1703 2666 non

154 2675 190 2701 40
215 2676 277 2700 alia
295 2683 394 2707 manu,
414 2676 471 2700 nisi
491 2676 589 2700 omm‘a
607 2682 652 2700 me
669 2675 788 2707 fallunt,
807 2682 949 2708 super-scr.
966 2678 1002 2704 A.
1065 2679 1096 2708 u)
1114 2677 1269 2703 uoluntate
1288 2678 1376 2704 Saxo.
1436 2678 1468 2707 v)
1487 2683 1703 2708 quemcumque

213 2711 281 2744 R1;
302 2717 488 2743 quecumque
507 2712 583 2739 Ann,
601 2711 702 2742 Maga.
773 2710 813 2743 w)
832 2718 885 2736 rex
906 2719 960 2739 vm.
978 2713 1014 2739 A.
1085 2711 1117 2745 x)
1136 2712 1311 2745 imperasset
1330 2712 1393 2739 Bl.
1410 2711 1485 2738 Ann.
1504 2711 1603 2743 Mayd.

217 2805 251 2848 1)
278 2804 332 2847 Cf.
357 2815 472 2850 supra
496 2805 528 2849 J,
555 2806 612 2841 38.
709 2806 746 2848 2)
770 2804 826 2847 Cf.
850 2815 965 2848 supra
984 2817 1024 2849 p.
1041 2807 1106 2848 82,
1131 2807 1155 2839 l.
1174 2807 1238 2841 16:
1263 2804 1457 2839 mediocris
1481 2804 1703 2839 substantiae

214 2849 379 2887 militem.
488 2853 525 2897 3)
561 2853 699 2887 Sueton.
727 2852 823 2887 Caes.
852 2862 880 2887 c.
904 2853 969 2887 72:
1004 2851 1179 2896 quosdam
1204 2852 1315 2886 etiam
1339 2851 1455 2886 infimi
1479 2852 1623 2897 generis
1658 2851 1704 2886 ad

217 2897 455 2941 amplissimos
490 2899 647 2933 honores
683 2898 862 2943 provexit.
980 2901 1018 2943 4)
1056 2899 1137 2934 Sctl.
1174 2899 1364 2933 Conradus
1395 2899 1483 2934 dux.
1535 2899 1591 2941 Cf.
1617 2899 1702 2942 Rey.

156 2955 191 2981 45
216 2945 308 2988 Imp.
342 2945 395 2988 II,
427 2956 485 2982 nr.
510 2948 605 2982 227a
615 2957 632 2988 ,·
666 2947 780 2989 Juny,
816 2946 982 2990 ‘Ruotyer
1014 2947 1091 2980 und
1120 2947 1184 2980 der
1217 2946 1405 2988 Aufstand
1437 2946 1608 2988 Liudolfs
1638 2957 1703 2980 von

217 2991 417 3025 Schwaben’
440 3004 476 3037 p.
496 2995 551 3029 10.
649 2993 686 3038 ὃ)
710 2994 838 3037 Veryil.
857 2994 944 3029 Aen.
962 2993 1055 3037 XII,
1074 3004 1104 3030 v.
1123 2995 1212 3030 691:
1238 2992 1424 3039 Sanguine
1450 2996 1547 3028 terra
1568 2992 1702 3028 madet.
