2034 3380
246 1071 306 1099 Oet.
316 1071 340 1097 1.

357 350 401 384 18
950 345 1244 382 WIDUKINDI

354 470 603 521 utcumque
649 466 952 522 probabilem,
1006 467 1086 522 qui
1137 467 1334 509 Saxones
1386 468 1607 522 originem
1659 469 1839 512 duxisse

355 528 552 580 putanta
590 526 646 568 de
679 525 864 568 Graecis
879 526 907 575 1,
940 522 1073 581 quiab
1106 526 1292 568 Hirmin
1323 526 1396 568 vel
1428 526 1638 569 Hermis⁴³
1665 526 1839 570 Graece

355 585 479 626 Mars
511 585 701 635 dicitur;
735 599 824 639 quo
855 582 1107 627 vocabulo‘l
1143 585 1201 627 ad
1238 585 1419 627 laudem
1453 585 1527 627 vel
1567 586 1625 627 ad
1665 587 1840 641 vitupe-

353 644 580 686 rationem
619 657 763 698 usque
803 644 941 686 hodie
981 644 1121 686 etiam
1160 645 1425 699 ignorantes
1466 644 1641 686 utimur
1654 645 1682 685 ².
1753 645 1841 688 Per

353 703 560 744 triduum
591 703 734 757 igitur
766 703 862 745 dies
893 703 1111 745 victoriae
1144 705 1331 758 agentes
1373 706 1420 745 et
1451 703 1597 758 spolia
1637 704 1839 746 hostium

355 762 614 804 dividentes
666 762 967 816 exequiasque
1015 775 1248 804 caesorum
1282 762 1579 808 ,celebrantes
1625 762 1839 805 laudibus

355 821 519 862 ducem
550 821 599 862 in
631 820 808 862 caelum
840 820 1110 871 attollunt⁶‚
1145 821 1350 862 divinum
1381 821 1424 862 ei
1455 821 1658 863 animum
1690 822 1839 864 inesse

356 879 689 933 caelestemque
720 879 938 921 virtutem
981 879 1300 930 acclamantes,
1342 880 1422 934 qui
1458 893 1540 921 sua
1580 880 1841 922 constantia

353 940 533 979 tantam
566 951 642 979 eos
672 938 818 992 egerit
838 938 1054 992 perficere
1074 938 1326 979 victoriam.
1378 939 1526 980 Acta3
1554 941 1664 980 sunt
1685 941 1839 981 autem

355 997 469 1039 haec
510 997 681 1046 omnia,
729 998 783 1037 ut
822 996 1047 1038 maiorum
1092 997 1311 1038 memoria
1352 997 1525 1051 prodit,
1568 993 1697 1039 *dief
1733 997 1838 1040 Kal.

356 1055 580 1105 Octobris,
614 1055 692 1109 qui
724 1055 820 1097 dies
852 1056 1015 1097 erroris
1045 1054 1362 1109 religiosorum
1384 1056 1620 1097 sanctione
1639 1056 1840 1098 virorum
1866 1050 1882 1065 *
1905 1069 1913 1078 ·

354 1114 524 1155 mutati
555 1116 663 1155 sunt
693 1114 743 1155 in
781 1114 955 1156 ieiunia
995 1116 1041 1156 et
1082 1114 1323 1165 orationes,
1365 1114 1620 1157 oblationes
1661 1128 1840 1170 quoque

354 1173 559 1215 omnium
589 1186 672 1214 nos
704 1173 1050 1228 precedentium
1083 1172 1448 1215 Christianorum
1460 1173 1490 1213 4.

354 1322 383 1356 a)
403 1321 441 1348 de
459 1323 555 1355 grecis
575 1325 682 1355 putant
699 1322 759 1350 Bl.
837 1321 867 1354 b)
890 1329 948 1355 qua
969 1323 1002 1350 A.
1080 1321 1107 1355 e)
1127 1322 1262 1348 Ghermis
1280 1322 1342 1350 B2.
1419 1322 1450 1354 d)
1469 1323 1518 1349 vel
1537 1324 1604 1351 add.
1622 1323 1683 1352 Bl.
1763 1326 1791 1356 e)
1809 1326 1841 1350 at

353 1365 496 1390 super-scr,
512 1358 576 1384 131.
649 1359 676 1390 f)
696 1356 745 1384 die
763 1365 818 1385 om.
837 1358 898 1385 132.
916 1371 952 1376 —
970 1357 1024 1383 kal*
1041 1358 1083 1388 A:
1102 1358 1164 1385 021.
1183 1358 1254 1391 B2;
1273 1358 1307 1384 k‘l'
1323 1359 1354 1384 C.

352 1486 435 1510 suos
458 1477 678 1510 veneratione
705 1476 844 1509 cuilibet
878 1486 998 1510 eorum
1030 1477 1185 1520 propria
1217 1477 1375 1510 venerati
1405 1480 1500 1519 sunt,
1535 1476 1662 1510 seilicet
1685 1476 1840 1511 Martem

353 1524 493 1557 nomine
518 1524 593 1557 eius
616 1525 640 1558 i.
665 1534 693 1556 e.
718 1523 836 1556 Irmin
870 1533 958 1556 arae
991 1524 1166 1566 imposito,
1201 1523 1389 1556 Herculem
1422 1523 1580 1564 formam
1614 1524 1690 1558 eius
1722 1524 1840 1567 effiyie

352 1570 599 1604 columnarum
624 1569 854 1612 (wildsdule’)
878 1571 1022 1613 imitati,
1058 1570 1223 1604 columna
1248 1570 1364 1613 liynea
1388 1571 1428 1603 in
1454 1570 1567 1603 altum
1594 1574 1718 1612 ereda,
1751 1581 1840 1615 quae

353 1616 522 1650 Herculis
545 1618 687 1660 siynum
712 1617 968 1660 quodammodo
991 1618 1214 1660 exprimeret,
1251 1617 1365 1650 Solem
1391 1617 1462 1651 loco
1496 1627 1583 1651 arae
1616 1617 1665 1651 ad
1689 1621 1837 1663 portam

353 1665 559 1697 orientalem
582 1664 708 1699 selecto.
758 1664 816 1697 Ea
841 1663 1055 1697 Wiclukindi
1076 1665 1246 1698 sententia
1256 1674 1272 1705 ,⁴
1306 1667 1441 1697 narrat
1464 1665 1583 1708 itaque
1606 1664 1767 1698 Saxones
1798 1665 1838 1698 in

352 1712 495 1754 siynum
536 1712 703 1744 victoriae
742 1711 790 1744 ad
824 1714 971 1755 portam
1011 1711 1223 1754 Schidinqae
1267 1711 1470 1744 orientalem
1519 1721 1624 1745 aram
1663 1712 1841 1745 Irminsul

354 1759 516 1794 erexisse.
573 1758 670 1792 Hinc
703 1763 734 1792 et
768 1758 837 1792 loco
874 1759 990 1792 Taciti
1017 1759 1114 1793 Ann.
1145 1759 1177 1802 I,
1209 1759 1275 1794 61:
1307 1758 1445 1792 truncis
1475 1758 1647 1792 arborum
1681 1757 1839 1793 antefixa

354 1815 437 1849 ora;
462 1804 555 1839 lucis
578 1804 791 1849 propinquis
815 1804 993 1839 barbarae
1017 1815 1112 1847 arae,
1147 1804 1244 1849 apud
1268 1815 1356 1848 quas
1379 1804 1544 1839 tribunos
1569 1815 1612 1839 ac
1636 1805 1837 1849 primorum

353 1851 523 1886 ordinum
548 1851 776 1887 centuriones
800 1854 1058 1896 mactaverant,
1083 1852 1148 1885 lust:
1172 1852 1386 1895 affunditur.
1427 1852 1626 1892 PERTZ).
1723 1852 1758 1898 1)
1779 1852 1837 1894 Of.
1892 1884 1897 1895 ,

352 1909 467 1943 supra
494 1910 534 1943 Ρ.
559 1900 595 1942 4,
631 1899 651 1934 l.
677 1900 701 1935 4
716 1910 788 1943 sqq.
901 1898 937 1944 2)
967 1897 1109 1933 heissen
1133 1898 1192 1933 die
1216 1898 1351 1933 letzten
1374 1900 1507 1934 worte·
1532 1897 1599 1933 wir
1621 1898 1838 1934 verwenden

354 1945 418 1979 das
442 1945 701 1980 verstblrkende
724 1944 864 1990 praefix
888 1947 1029 1989 irmin-‚
1061 1945 1156 1980 ohne
1191 1945 1316 1980 seinen
1349 1945 1430 1979 sinn
1462 1957 1507 1979 zu
1539 1945 1744 1990 verstehen‚
1776 1945 1838 1981 bei

353 1993 512 2027 wortern
548 1995 657 2038 guter
692 1992 768 2026 und
803 1992 909 2027 iibler
943 1992 1183 2037 bedeutung?
1218 1995 1272 2026 ita
1308 1992 1347 2028 J.
1381 1993 1532 2035 Grimm,
1569 1993 1684 2035 Myth.
1720 1993 1771 2029 ed.
1805 1995 1837 2029 1.

347 2052 388 2084 Ρ.
405 2041 486 2083 210,
512 2051 546 2075 n.
565 2040 598 2086 *)
619 2051 671 2084 pr
673 2040 749 2074 ocul
770 2040 876 2074 dubio
899 2044 986 2074 recte
1010 2040 1093 2074 haec
1116 2039 1222 2074 verba
1245 2041 1501 2093 interpretatus
1523 2042 1595 2080 est:
1622 2040 1673 2076 ed.
1699 2041 1732 2075 2.
1757 2050 1838 2074 vero

347 2099 387 2131 Ρ.
413 2065 486 2122 327’
509 2104 551 2115 =
588 2088 639 2122 eol.
664 2089 698 2123 4.
732 2087 763 2129 I,
794 2098 834 2130 Ρ.
859 2088 951 2123 292:
985 2086 1060 2120 und
1093 2086 1187 2121 noch
1211 2086 1262 2121 im
1289 2088 1344 2123 10.
1365 2086 1419 2131 j.h
1444 2085 1568 2121 wurde
1598 2086 1690 2121 mit
1701 2086 1838 2121 diesem

353 2144 486 2168 namen
524 2133 583 2168 ein
618 2133 940 2178 hervorrageuder,
974 2144 1207 2178 verwegener
1241 2099 1380 2177 mann,J
1400 2132 1535 2169 lobend
1567 2133 1658 2168 oder
1689 2133 1839 2169 tadelnd

353 2181 844 2224 belegt.Cf.M12llenhoff,
869 2181 924 2216 ίΖ.
941 2181 970 2222 f.
987 2181 1034 2216 D.
1050 2181 1138 2216 Alte
1160 2181 1312 2224 XXIII,
1334 2192 1372 2225 Ρ.
1390 2182 1423 2216 3.
1449 2201 1496 2206 —-
1519 2181 1632 2224 (Mihi
1652 2181 1838 2215 relativam

353 2229 402 2262 ad
417 2227 518 2262 Mars
542 2229 769 2270 referendum
791 2239 860 2262 esse
876 2229 1025 2271 videtur,
1044 2238 1111 2272 que
1127 2228 1288 2261 vocabulo
1301 2207 1569 2270 'iynorantes—
1585 2238 1671 2261 nam
1685 2227 1838 2262 Hir-min

352 2277 496 2308 minime
519 2276 736 2318 iynorabant
769 2295 815 2300 -—
849 2275 1011 2308 Saxones
1039 2275 1165 2317 linqua
1196 2285 1265 2308 sua
1299 2275 1348 2307 ad
1379 2274 1519 2308 laudem
1552 2275 1593 2308 in
1625 2284 1701 2308 voce
1733 2273 1837 2318 mari,

353 2332 444 2364 mar,
475 2323 610 2365 clarus,
643 2323 691 2355 ad
718 2323 1008 2365 vituperationem
1042 2323 1081 2354 in
1114 2331 1188 2355 voce
1220 2321 1385 2354 irwubum
1418 2321 1638 2364 significante
1670 2332 1773 2358 mara
1806 2326 1839 2356 et

353 2370 551 2412 compositis
572 2379 698 2402 earum
721 2369 922 2403 utebantur.
959 2368 1157 2410 PERTZ).
1198 2368 1305 2401 Ham
1328 2368 1490 2401 ultimam
1513 2369 1838 2412 interpretationem

352 2416 514 2459 sequitur
545 2416 590 2451 Β.
623 2416 665 2448 de
697 2415 847 2457 Simeon,
883 2415 938 2450 ⁴N.
964 2414 1110 2448 Archiv’
1135 2414 1219 2458 XV,
1248 2426 1288 2458 Ρ.
1313 2416 1383 2450 573
1399 2426 1462 2458 sq„
1495 2415 1615 2449 leviter
1646 2417 1837 2458 variatam,

352 2473 490 2496 summo
524 2463 604 2496 iure
639 2465 860 2506 7·epu9nante
895 2462 943 2497 K.
978 2462 1022 2500 Ε,
1056 2461 1105 2496 Η.
1140 2462 1298 2503 Κνααεε,
1336 2461 1420 2497 ibid.
1457 2461 1562 2501 XVI,
1596 2474 1633 2506 p.
1670 2464 1741 2498 610
1763 2473 1837 2506 sqq,

353 2510 526 2553 Equidem
566 2509 740 2543 reddatur
779 2509 879 2542 velim
926 2510 1098 2543 sententia
1145 2510 1219 2542 sic:
1266 2509 1429 2542 ‘Daraus
1467 2509 1610 2551 erhellt‚
1657 2510 1744 2544 dass
1781 2510 1838 2544 aio

353 2558 522 2599 meinunq
543 2556 744 2599 derjeniyen
766 2557 858 2589 denn
882 2556 968 2590 doch
992 2556 1288 2589 wakrsoheinlieh
1311 2557 1371 2599 sei,
1393 2556 1518 2590 welche
1531 2556 1589 2589 dio
1603 2556 1757 2590 Saoheen
1772 2557 1839 2599 far

353 2603 605 2637 nachkmnmen
628 2604 694 2637 der
710 2603 880 2637 Grieohen
903 2602 1036 2645 halten,
1060 2603 1141 2636 weil
1161 2603 1226 2637 der
1249 2603 1355 2637 Mars
1370 2603 1523 2636 Hirmin
1546 2608 1630 2646 (von
1651 2606 1740 2643 uns)
1762 2603 1839 2637 und

353 2650 504 2684 Hermes
526 2652 576 2684 im
603 2650 848 2684 Griechischen
875 2654 1032 2693 yenannt
1055 2651 1170 2683 wird:
1203 2651 1261 2683 ein
1293 2654 1383 2684 wort
1414 2649 1563 2695 (irmin),
1597 2650 1737 2684 welches
1767 2651 1838 2684 wir

354 2699 394 2730 in
417 2698 592 2731 lobendem
615 2698 691 2731 und
714 2697 909 2731 tadebndem
931 2698 1034 2731 sinne
1065 2697 1118 2730 bis
1152 2698 1225 2738 auf
1253 2698 1320 2731 den
1351 2697 1513 2740 heutiqen
1541 2700 1605 2740 tay
1633 2697 1836 2738 namnidon,

354 2744 500 2785 freilieh
536 2744 627 2778 ohne
661 2755 696 2778 es
731 2754 778 2777 zu
815 2745 940 2777 wissen
975 2744 1150 2786 (ndmlich
1185 2744 1271 2778 dass
1304 2754 1340 2777 es
1375 2754 1443 2777 aus
1478 2744 1555 2777 dem
1592 2743 1836 2778 Gffoehisohen

354 2790 534 2833 stammt)’
637 2791 690 2836 3)
725 2790 823 2825 Aeta
845 2811 894 2816 —-
918 2790 1087 2825 Octobris
1108 2795 1188 2834 post
1210 2792 1348 2824 inserta
1370 2800 1441 2824 esse
1464 2790 1517 2826 W
1540 2791 1582 2824 de
1609 2790 1835 2831 Giesebmht,

355 2837 489 2873 QGesch
524 2839 589 2871 der
621 2838 806 2872 deutschen
837 2837 1055 2872 Kaiserzeit'
1084 2839 1136 2873 ed.
1162 2839 1195 2874 5.
1226 2838 1257 2880 I,
1355 2838 1436 2873 812.
1469 2837 1601 2877 wluin
1635 2838 1696 2871 sed
1729 2837 1835 2880 infra

354 2883 408 2925 II,
425 2885 460 2919 4.
483 2885 601 2918 eadem
626 2885 702 2926 fere
727 2886 893 2940 leyimusf
919 2886 1016 2919 Acta
1034 2887 1117 2918 sunt
1134 2886 1255 2918 autem
1276 2883 1366 2917 haec
1379 2881 1465 2918 VH.
1481 2881 1637 2919 Kalend.
1656 2883 1836 2924 Octobris.

355 2930 392 2974 4)
417 2931 504 2964 Inde
523 2942 546 2963 a
568 2931 744 2965 dominica
760 2933 934 2975 proxima
956 2935 1037 2976 post
1061 2932 1191 2973 festum
1207 2930 1392 2965 Michaelis
1415 2931 1540 2974 incipit
1564 2931 1750 2966 hebdomas
1772 2931 1836 2966 illa

355 2977 424 3010 ‘die
456 2979 609 3020 qemeine
641 2977 813 3021 Wochen’,
850 2980 953 3012 cuius
988 2979 1135 3021 vestiyia
1169 2988 1277 3020 usque
1312 2977 1361 3010 ad
1397 2987 1485 3013 saec.
1522 2977 1630 3014 XVI.
1670 2983 1703 3012 et
1737 2978 1836 3012 ultra
