2034 3380
789 306 1094 344 PRAEFATIO.
1631 306 1690 341 IX

201 429 361 471 Thecla
410 428 700 472 Widukindus
749 427 985 481 scripserit,
1037 427 1236 481 quoniam
1290 442 1421 481 neque
1471 427 1520 470 in
1566 427 1691 470 Actis

198 488 452 531 Sanctorum
481 501 612 541 neque
642 486 692 529 in
722 486 800 529 illa
830 486 1047 529 uberrima
1079 486 1326 539 collectione,
1350 500 1477 540 quam
1489 486 1688 541 pivximo

195 561 311 590 anno
359 547 408 589 O.
451 547 502 589 de
550 546 767 589 Gebhardt
811 546 860 588 V.
910 545 973 589 Ol.
1020 545 1250 598 instituit,
1223 545 1238 570 ¹
1297 559 1475 598 usquam
1523 560 1688 589 comme-

193 609 430 659 morantur,
482 606 608 659 deper
609 604 700 647 dita
745 609 845 647 sunt
889 609 966 647 aut
1009 605 1219 658 hucusque
1265 605 1410 647 latent.
1486 605 1547 647 At
1590 605 1688 647 lita

151 680 171 707 υ
199 664 364 708 Ottonis
393 678 612 730 nunquam
643 664 810 707 videtur
839 663 1050 707 extitisse·
1082 663 1342 718 Siyebertum
1372 663 1511 717 ipsius
1541 664 1601 707 W
1600 665 1689 706 idu-

192 723 315 766 kindi
345 723 484 766 verbis
522 723 571 766 in
610 737 795 766 errorem
836 724 1005 766 ductum
1044 737 1130 766 esse
1168 723 1221 766 G.
1253 722 1398 766 Waite
1437 727 1557 766 acute
1598 737 1688 765 eon-

191 782 330 826 iecit2.
406 783 587 826 Librum
624 782 815 836 primum
856 782 925 825 his
969 782 1083 825 enim
1122 782 1300 836 incipit:
1346 783 1457 825 Post
1497 797 1688 838 operum

192 845 452 885 nostrorum
484 843 747 898 primordia,
781 843 948 898 quibus
979 843 1147 885 summi
1171 842 1462 898 imperatoris
1485 842 1688 884 militum

191 902 451 958 triumphos
474 902 716 954 declaravi,
739 902 840 944 etc.3
889 901 1012 944 Haec
1035 901 1188 955 procul
1209 901 1336 944 dubio
1357 902 1417 943 ad
1436 905 1686 956 martyrum,

133 977 168 1002 10
191 960 280 1003 Dei
315 960 511 1014 militum,
554 960 672 1003 Vitas
708 974 842 1015 supra
872 962 1029 1004 allatas
1059 964 1247 1015 spectant
1257 962 1287 1013 4,
1321 960 1561 1014 Siyebertus
1591 974 1687 1002 ‘cero

193 1020 243 1062 de
272 1019 526 1074 imperatore
562 1020 708 1063 Ottone
739 1020 946 1075 coyitavit,
988 1020 1162 1074 ideoque
1201 1020 1292 1063 eius
1322 1034 1392 1062 res
1430 1020 1520 1062 iam
1561 1024 1688 1062 antea

193 1079 425 1133 descriptas
455 1084 494 1122 et
523 1079 658 1122 editas
688 1094 775 1122 esse
804 1080 918 1132 falso
948 1079 1095 1122 statuit
1108 1080 1136 1121 ⁵.

242 1212 292 1266 2.
345 1209 543 1252 Rerum
577 1214 855 1264 yestarum
887 1209 1291 1253 Saxonicarum
1329 1209 1465 1252 libri
1503 1214 1626 1252 tres.

335 1292 573 1346 Supersunt
617 1292 720 1335 libri
765 1297 850 1335 tres
894 1293 1056 1336 Rerum
1098 1297 1312 1348 qestarum
1361 1292 1685 1346 Saxoniea-rum,

132 1367 167 1393 15
190 1350 341 1406 quibus
380 1355 526 1394 auctor
564 1366 658 1394 cum
696 1352 846 1406 populi
885 1352 1093 1407 oriqinem
1138 1356 1222 1395 tum
1271 1367 1338 1394 res
1383 1353 1436 1395 ab
1477 1351 1687 1394 Heinrico

191 1415 314 1464 atque
341 1410 487 1453 Ottone
517 1411 679 1466 eyreyie
706 1415 846 1465 qestas
876 1411 1110 1466 descripsit.
1165 1412 1311 1466 Neque
1342 1426 1435 1454 eum
1464 1413 1513 1454 de
1535 1411 1688 1465 populi

191 1469 260 1512 sui
299 1483 521 1524 reyumque
565 1470 746 1513 historia
787 1470 877 1514 alia
917 1472 1126 1525 quaedam
1165 1471 1393 1524 confecisse
1424 1470 1685 1525 putarimus.

192 1529 394 1583 Sinyulos
424 1529 553 1573 libros
577 1530 830 1584 Mahthildi,
859 1530 1024 1573 Ottonis
1053 1530 1184 1584 filiae,
1218 1530 1453 1583 dedicavit;
1484 1530 1687 1573 Heinriei

191 1593 229 1631 et
265 1588 441 1643 Ottonis,
483 1589 555 1631 avi
594 1593 634 1631 et
663 1589 819 1644 patris,
860 1604 929 1632 res
968 1590 1186 1633 illustrare
1225 1604 1431 1632 summum
1472 1589 1562 1632 eius
1601 1589 1687 1642 fnit

131 1664 167 1689 20
183 1647 448 1702 propositum
457 1662 475 1702 ,·
505 1649 556 1691 de
587 1645 807 1691 Saxonum
838 1649 1003 1703 oriyine
1034 1664 1180 1703 pau-ca
1218 1653 1381 1692 tantum
1413 1649 1643 1703 praemisit
1656 1649 1684 1689 ⁶.

197 1707 414 1760 Temporis
463 1706 654 1750 ordinem
706 1708 956 1762 plerumque
1005 1708 1189 1761 fideliter
1239 1708 1492 1761 observarit,
1546 1713 1686 1751 tamen

190 1780 498 1820 nonnunquam
539 1768 777 1821 prudenter
821 1772 896 1810 aut
940 1768 1230 1822 imprudenter
1266 1767 1473 1822 peri-ertit
1487 1768 1514 1809 ⁷.
1594 1768 1687 1810 Stu-

191 1826 284 1868 duit
333 1826 468 1879 brevi,
522 1827 598 1869 sed
648 1827 830 1881 eleganti
880 1827 1099 1870 narrandi
1150 1832 1189 1870 et
1237 1827 1450 1879 scribendi
1500 1826 1688 1880 rationi,-

190 1965 355 2009 prosaice
380 1967 418 2000 et
441 1965 595 2000 metrice
619 1966 683 2001 lib.
700 1965 763 2010 113
789 1966 995 2012 passionem
1020 1979 1166 2012 quoque
1183 1967 1318 2002 Teclae
1342 1967 1493 2012 virginis
1520 1966 1689 2002 similiter

132 2024 168 2049 25
191 2012 342 2046 metrice
367 2012 430 2048 lib.
456 2011 496 2056 13
531 1993 824 2057 epigrammaton
859 2014 920 2050 lib.
947 2014 978 2050 I.
1037 2016 1225 2049 Sermones
1259 2016 1306 2048 ad
1339 2016 1440 2057 fimat?
1440 2026 1487 2057 es,
1521 2015 1688 2058 epistolas

192 2060 241 2093 ad
268 2060 367 2093 diver
366 2070 436 2102 sos,
471 2062 652 2104 imprimis
684 2063 787 2105 epiyr
789 2065 949 2095 ammata
982 2073 1077 2096 vana
1109 2073 1151 2096 ac
1183 2063 1336 2104 fallacia
1372 2073 1443 2097 esse
1478 2066 1601 2106 patet;
1638 2063 1686 2103 cf.

197 2107 352 2150 Traube,
378 2108 571 2141 ‘Abhandt
595 2109 629 2143 d.
656 2108 873 2142 Mu'nchener
889 2109 1093 2153 Alcademie,
1114 2109 1206 2154 phil.
1226 2109 1359 2144 Classe'
1376 2109 1484 2152 XIX,
1502 2110 1526 2144 2
1546 2111 1688 2151 (1891),

186 2165 226 2198 P.
263 2155 334 2190 313
357 2165 430 2198 sqq.
473 2157 554 2190 316.
618 2155 870 2197 Consu-sionem
909 2160 1046 2200 autem,
1087 2168 1197 2201 quam
1237 2159 1331 2190 inter
1366 2167 1476 2200 opera
1513 2157 1687 2190 historica

197 2202 416 2235 Trithemius
440 2202 565 2246 effecit,
603 2203 683 2237 inde
708 2208 825 2237 ortam
849 2214 922 2238 esse
945 2215 1134 2248 censemus,
1167 2205 1261 2248 quod
1293 2205 1396 2238 modo
1428 2208 1551 2246 totum,
1587 2205 1687 2238 modo

131 2260 166 2286 ³0
189 2250 350 2292 sinyulos
371 2250 485 2283 libros
508 2252 548 2283 in
573 2250 773 2294 cataloyum
797 2253 974 2295 receperit.
1026 2251 1123 2293 Quae
1145 2253 1188 2285 de
1210 2253 1291 2285 Vita
1307 2252 1525 2286 Mahthildis
1549 2252 1687 2294 adt'ecit,

190 2297 282 2330 unde
307 2297 482 2340 hauserit,
508 2300 691 2341 nescimus,
715 2300 792 2332 nisi
814 2299 909 2340 forte
932 2299 1021 2333 libri
1043 2300 1142 2333 tertii
1155 2300 1451 2334 cmztinuationem
1467 2299 1531 2333 hoc
1547 2301 1688 2333 nomine

190 2345 360 2378 indicavit
371 2355 387 2385 ;
411 2344 514 2378 Vitas
537 2346 652 2379 editas
671 2345 890 2380 Widulcindo
914 2357 1139 2391 nequaquam
1163 2347 1277 2380 tribui
1297 2357 1398 2391 posse
1421 2348 1512 2381 satis
1528 2350 1662 2381 constat
1673 2358 1687 2387 ,-

190 2402 300 2435 neque
323 2402 448 2425 earum
471 2393 621 2426 editores
644 2394 716 2426 tale
740 2404 829 2437 opus
852 2398 1035 2429 noverunt.
1069 2415 1117 2419 —
1150 2395 1338 2428 Breviores
1372 2395 1467 2428 alias
1498 2395 1688 2428 Trithemii

190 2442 532 2474 commemorationes
564 2443 734 2482 conyessit
767 2441 894 2487 ΙζόρΙσε
923 2453 962 2486 p.
990 2443 1058 2478 170
1074 2452 1125 2486 sq.
1249 2443 1283 2485 1)
1314 2442 1441 2476 Passio
1474 2442 1510 2477 S.
1542 2442 1688 2476 Theclae

131 2497 167 2522 35
190 2487 354 2529 viryinis.
403 2487 483 2520 ‘Die
517 2488 747 2522 lateinischen
779 2488 1061 2532 Ubersetzunqen
1095 2490 1160 2524 der
1183 2490 1275 2523 Acta
1304 2490 1415 2523 Pauli
1447 2493 1478 2522 et
1510 2489 1686 2532 Theclae',

190 2535 231 2566 in
257 2534 381 2568 ‘Tea-te
410 2534 485 2567 und
515 2535 826 2579 Untersuchunyen
854 2547 925 2569 zur
951 2536 1071 2571 Gesch.
1097 2537 1161 2570 der
1185 2537 1462 2571 altchristlichen
1487 2537 1686 2579 Iziteratur,

190 2580 238 2616 N.
263 2581 319 2616 Γ]
348 2581 424 2614 VII
443 2582 609 2626 (Leipziy
635 2584 756 2625 1902),
783 2585 873 2626 fasc.
899 2584 950 2619 II.
1049 2584 1085 2629 2)
1113 2585 1182 2619 Cui
1204 2585 1333 2628 Ko‘pke
1355 2597 1390 2628 p.
1416 2586 1494 2620 170.
1521 2594 1687 2618 assensus

191 2630 251 2664 est.
361 2628 398 2674 3)
429 2629 472 2664 P.
498 2631 532 2672 3,
565 2630 587 2664 l.
613 2631 659 2666 27
672 2641 725 2674 sq.
838 2632 876 2674 4)
915 2631 969 2674 Cf.
1003 2632 1147 2667 Transi,
1173 2632 1210 2667 S.
1237 2633 1320 2674 Viti,
1356 2632 1419 2667 SS.
1447 2632 1499 2674 II,
1531 2643 1567 2676 p.
1595 2633 1685 2667 576:

190 2678 273 2719 post
296 2675 501 2720 triumphos
526 2677 774 2720 apostolorum
801 2688 843 2712 ae
867 2678 1040 2713 victorias
1064 2682 1278 2723 martyrum.
1400 2679 1436 2724 5)
1471 2679 1517 2712 In
1540 2679 1686 2713 eamzem

130 2733 167 2758 40
189 2732 349 2756 errorem
381 2724 510 2757 incidit
539 2724 702 2767 Contzen,
733 2725 815 2758 ‘Die
844 2726 1203 2761 Geschichtschreiber
1226 2728 1290 2761 der
1315 2727 1436 2762 saclas,
1462 2727 1684 2761 Kaiserzea‘t’

185 2781 225 2813 P.
251 2772 295 2806 17
308 2781 359 2814 sq,
382 2791 432 2798 —
456 2772 615 2815 Denique
637 2783 760 2807 versus
782 2783 869 2816 quos
892 2774 1001 2807 edidit
1033 2785 1080 2807 ex
1111 2774 1225 2809 codice
1250 2774 1451 2808 C'm·beiensi
1474 2774 1521 2806 W
1517 2775 1686 2807 iduhindi

190 2820 330 2851 nomine
361 2819 554 2862 inscriptos
584 2819 780 2853 Letznemcs
810 2822 849 2854 in
876 2821 1053 2855 Chronica
1078 2822 1264 2855 Ludowici
1285 2822 1346 2855 Pii
1370 2821 1547 2864 (Hildesh.
1576 2823 1686 2861 1604)

191 2874 218 2898 c.
249 2865 305 2907 19,
326 2876 373 2909 Ρ.
404 2867 451 2902 63
471 2876 535 2909 sq„
569 2867 618 2900 ad
651 2869 768 2912 ipsum
799 2870 980 2911 pertinere
1011 2871 1156 2902 omnino
1188 2871 1407 2912 nequi-imus.
1466 2869 1524 2910 Cf.
1559 2869 1686 2912 Ko'plce

186 2921 226 2954 Ρ.
253 2912 332 2947 171.
429 2913 464 2958 6)
493 2914 547 2956 Cf,
572 2914 604 2957 Ι,
635 2916 795 2958 praefat.
822 2920 853 2949 et
881 2925 908 2950 c.
936 2917 968 2951 2.
1067 2916 1104 2960 7)
1131 2917 1189 2958 Cf.
1213 2927 1304 2961 quae
1327 2917 1380 2958 ΙΙ,
1405 2918 1464 2952 28.
1488 2917 1686 2951 eoecusandi

131 2968 166 2993 45
192 2967 302 2991 causa
325 2959 419 3002 dicit,
445 2962 538 3004 quod
557 2964 761 3005 posteriora
787 2963 1028 2997 autenm-ibus
1051 2974 1099 3008 pr
1100 2966 1311 3007 aeposuerit.
