2034 3380
367 323 434 356 122
959 318 1250 354 WIDUKINDI

367 441 413 482 Is
445 441 548 482 finis
571 440 922 487 wichmannoa,
954 439 1150 493 talisque
1182 439 1392 480 omnibus
1422 438 1532 488 fere,
1571 438 1650 492 qui
1685 440 1844 480 eontra.

364 500 685 554 imperatorem
718 512 844 540 arma
875 500 1166 552 sumpserunt:
1199 492 1415 552 [patremb
1449 493 1609 549 buum}

507 639 649 679 LXX.
683 637 964 692 Imperatorl
981 638 1136 692 itaque
1159 638 1357 692 acceptis
1379 637 1515 678 armis
1524 636 1840 678 Wiehmanni⁰

273 704 352 739 968.
368 698 423 739 de
463 711 574 739 nece
616 697 712 739 eius
752 697 842 737 iam
885 693 1063 738 cerbus‘1
1098 697 1250 737 factus
1291 696 1472 750 scripsit
1505 695 1746 750 episfiolam
1787 695 1846 736 ad

368 757 505 798 duces
537 758 583 796 eb
614 756 842 810 prefectos
875 755 1096 796 Saxoniae
1127 755 1174 795 in
1207 755 1329 796 hunc
1361 754 1566 794 modum:
1870 764 1889 790 5

515 813 674 855 OddOe.
689 814 704 838 2
740 813 883 855 divino
924 817 1028 854 nutu
1070 812 1296 864 imperator
1336 815 1536 864 auyustus
1576 810 1846 853 Herimanno

367 876 406 914 et
454 868 712 913 Thiadricof
761 871 962 913 ducibusg
1009 870 1262 922 caeterisque
1300 865 1522 922 publicaeh
1572 869 1636 911 rei
1678 873 1846 911 nostrae

360 930 562 983 prefectis
594 929 738 971 omnia
769 929 985 971 amabilia.
1048 929 1140 970 Deo
1171 928 1329 970 volente
1359 928 1476 969 salus
1506 927 1726 980 omniaque
1749 940 1846 980 pro-

367 1002 494 1044 spera
515 989 651 1042 plane
681 988 914 1029 succedunt.
973 986 1192 1029 Caeterum
1222 985 1364 1028 nuntii
1392 984 1848 1038 Constantinopolitani

367 1046 478 1100 reyis
510 1046 714 1099 diqnitate
753 1045 858 1088 satis
896 1045 1087 1099 insiynes
1127 1059 1203 1087 nos
1243 1046 1409 1096 adeunt,
1443 1058 1605 1097 pacem,
1646 1048 1693 1086 ut
1730 1043 1847 1086 intel·
1873 1058 1908 1083 ιο

369 1105 566 1158 leximus,
615 1106 837 1146 admodum
883 1108 1138 1156 quaerentes.
1220 1104 1388 1156 Quoquo
1433 1103 1552 1144 modo
1598 1107 1735 1144 tamen
1781 1115 1849 1144 res

370 1167 534 1216 ayatur,
569 1163 670 1205 bello
691 1163 782 1204 Deo
813 1163 969 1204 volente
1000 1163 1115 1204 nullo
1140 1162 1258 1203 modo
1279 1175 1356 1203 nos
1376 1165 1574 1214 temptare
1588 1161 1604 1186 3
1624 1161 1847 1202 audebunt.

370 1218 596 1275 Apuliami
639 1225 677 1263 et
714 1221 958 1263 Calabriam
994 1220 1253 1274 provincias,
1287 1233 1393 1272 quas
1431 1220 1630 1261 hactenus
1669 1223 1846 1271 tenuere,

370 1280 458 1322 nisi
519 1279 833 1332 conveniamus,
896 1280 1068 1320 dabunt.
1162 1278 1212 1320 Si
1267 1292 1362 1319 vero
1422 1277 1627 1319 voluntati
1681 1281 1849 1318 nostrae

362 1337 611 1392 paruerint,
658 1334 738 1379 utk
775 1337 964 1390 presenti
1008 1333 1185 1379 aestate¹
1235 1335 1449 1389 coniuyem
1494 1349 1585 1377 cum
1628 1335 1848 1388 aequivoco
1874 1347 1908 1373 15

371 1401 511 1438 nostro
566 1396 616 1438 in
669 1396 717 1437 F
713 1395 907 1438 ranciam
965 1395 1192 1448 diriyentes
1243 1408 1321 1447 per
1371 1395 1418 1436 F
1415 1397 1709 1436 raoeanetumm·
1725 1394 1742 1419 4
1792 1393 1851 1434 ad

371 1456 640 1497 destruendos
672 1455 959 1496 Sarracenosn
995 1453 1086 1495 Deo
1126 1452 1270 1495 comite
1299 1452 1380 1494 iter
1409 1451 1675 1504 arripiemus,
1712 1455 1751 1493 et
1789 1451 1850 1493 sic

372 1514 430 1556 ad
473 1527 554 1566 vOS,
597 1512 903 1565 disponimus⁰.
974 1512 1175 1554 Preterea
1219 1512 1417 1563 volumus,
1463 1514 1520 1563 ut,
1568 1509 1607 1551 si
1646 1509 1848 1562 Redares,

371 1572 480 1614 sicut
508 1571 760 1623 audivimus,
794 1575 956 1612 tantam
987 1575 1166 1623 strayem
1190 1569 1313 1623 passi
1343 1569 1469 1611 sunt5
1489 1592 1546 1596 —
1567 1568 1683 1610 scitis
1705 1567 1848 1621 *enim,
1875 1577 1921 1610 ‘ao-
1934 1575 1997 1604 465-
2030 1555 2034 1560 ’

372 1644 498 1683 quam
528 1643 650 1682 saepe
679 1630 804 1681 fidem
835 1628 1085 1682 freyerintl',
1125 1631 1257 1681 quasq
1292 1627 1483 1669 iniurias
1523 1626 1740 1669 attulerint
1779 1650 1848 1678 —,
1875 1640 1910 1665 20

372 1689 535 1730 nullam
573 1687 809 1730 vobiscumr
837 1701 987 1740 pacem
1026 1687 1219 1729 habeant.
1300 1686 1419 1729 Unde
1458 1686 1560 1727 haec
1599 1699 1691 1727 cum
1723 1684 1850 1727 Heri-

372 1750 554 1789 manno⁸
594 1748 694 1788 duce
728 1746 976 1788 ventilantes
1007 1745 1101 1787 totis
1130 1745 1292 1787 viribus
1321 1744 1484 1796 instate,
1521 1748 1569 1785 ut
1596 1743 1645 1785 in
1674 1744 1851 1785 destruc·

373 1805 485 1847 tione
530 1818 672 1847 eorum
717 1802 869 1856 linemt
918 1804 1032 1857 operi
1082 1803 1299 1856 inponatis
1315 1803 1342 1842 ⁶.
1414 1802 1509 1855 Ipsi
1521 1806 1559 1854 ¹²,
1606 1801 1646 1843 si
1691 1814 1851 1844 necesse

239 1854 358 1924 „2362'2-
373 1863 516 1916 fuerit,
558 1864 616 1905 ad
645 1877 713 1904 eos
750 1862 916 1904 ibimus.
980 1861 1123 1904 Filius
1159 1866 1299 1903 noster
1333 1861 1379 1902 in
1420 1860 1641 1902 nativitate
1670 1858 1851 1902 Domini

298 1921 304 1927 ’
353 1919 570 1964 'coronam
601 1936 628 1963 a
660 1923 775 1963 beato
807 1920 1027 1974 apostolico
1043 1921 1057 1945 ⁷
1086 1920 1134 1962 in
1165 1919 1333 1972 imperii
1374 1919 1620 1972 diynitatem
1659 1917 1849 1971 suscepit.
1875 1930 1910 1956 25

279 1970 358 2004 9⁶8·
375 1980 575 2034 Scriptav
610 1980 750 2022 XV.W
779 1980 883 2022 Kal.
915 1980 1043 2021 Febr.
1077 1978 1123 2020 in
1160 1978 1398 2031 Campania
1428 1977 1548 2018 iuxta
1585 1976 1787 2030 Capuam.

234 2016 301 2043 Ian.
315 2016 359 2041 18.

373 2084 402 2113 a)
420 2083 588 2114 wigmanno
607 2083 643 2108 A.
663 2083 689 2108 Β
701 2084 723 2109 1.
742 2083 768 2108 2.
790 2082 878 2110 Saxo.
966 2081 996 2114 b)
1020 2082 1100 2106 uncis
1118 2082 1229 2106 inclusa
1248 2081 1352 2106 litteris
1369 2080 1536 2105 maiusculis
1553 2079 1662 2112 scripta
1680 2079 1763 2104 habet
1780 2085 1854 2103 unus

374 2119 434 2146 cod.
453 2120 488 2150 A,
509 2119 558 2150 qui
575 2118 621 2143 his
639 2118 731 2143 verbis
748 2118 859 2148 finitur.
896 2117 941 2147 Cf.
962 2117 996 2141 de
1015 2117 1136 2149 Simeon,
1157 2117 1204 2144 (Ν.
1223 2114 1346 2141 Archiv'
1362 2116 1428 2147 XV,
1445 2123 1479 2146 p.
1495 2115 1556 2142 570.
1645 2115 1672 2144 c)
1691 2113 1852 2146 wigmanni

373 2154 399 2178 B
410 2155 435 2180 1.
447 2154 473 2178 2.
488 2154 576 2179 Saxo.
643 2153 673 2183 d)
691 2154 731 2178 sic
750 2153 775 2177 B
787 2155 811 2179 1.
833 2153 862 2179 C.
881 2153 979 2183 Sarno,-
997 2153 1105 2177 certior
1121 2152 1149 2177 B
1159 2152 1185 2178 2.
1250 2150 1278 2183 e)
1291 2151 1360 2176 Otto
1375 2151 1400 2175 Β
1411 2152 1435 2177 2.
1449 2151 1536 2178 Saxo.
1598 2150 1623 2181 f)
1634 2150 1675 2175 eie
1686 2149 1725 2180 G,-
1738 2149 1851 2174 thiedo·

374 2189 434 2213 rico
454 2189 515 2215 Β1.
537 2189 566 2221 2;
589 2187 751 2213 thiaderieo
772 2188 857 2215 Saxo.
939 2187 968 2219 g)
988 2186 1112 2212 ducibus
1132 2194 1188 2214 om.
1208 2187 1236 2214 Ο,
1257 2200 1291 2205 —
1309 2187 1414 2223 ceteris
1435 2186 1463 2212 C.
1545 2184 1575 2216 h)
1594 2185 1637 2210 rel
1656 2184 1773 2218 pubch
1792 2183 1853 2211 Bl.
1877 2184 1912 2210 30

373 2224 462 2251 Saxo.
538 2223 560 2255 i)
580 2223 736 2254 Appuliam
764 2223 823 2249 132.
895 2222 927 2254 k)
950 2223 981 2247 in
1006 2223 1211 2247 emendandum
1237 2222 1280 2246 vel
1304 2225 1336 2246 ut
1361 2221 1509 2245 delendum
1533 2219 1672 2250 (IL-Et),
1698 2219 1774 2250 quod
1798 2225 1853 2246 om.

374 2259 460 2286 Saaeo.
533 2259 554 2289 l)
574 2260 668 2294 estate
687 2265 764 2283 corr.
786 2260 879 2288 estate
898 2258 959 2282 Β1.
1034 2257 1074 2289 m)
1092 2258 1282 2282 Fraxinetum
1301 2256 1361 2282 132.
1380 2256 1468 2281 Saxo.
1546 2256 1578 2285 n)
1595 2255 1636 2279 sic
1653 2254 1683 2279 h.
1703 2254 1722 2280 l.
1740 2255 1766 2278 et
1783 2253 1851 2286 323

372 2300 528 2318 saracenos
554 2294 585 2321 Ο,
679 2295 707 2324 ο)
732 2292 920 2324 disponemus
946 2293 1017 2324 1323
1044 2292 1171 2317 transire
1196 2290 1271 2322 disp.
1295 2291 1420 2316 cor-rexit
1443 2290 1521 2314 Saxo
1545 2289 1617 2319 (tale
1641 2289 1714 2313 enim
1738 2287 1853 2313 verbum

372 2329 559 2359 supplendum
578 2330 618 2352 est
637 2328 757 2357 Η.-Ε,),
830 2327 861 2359 p)
881 2327 978 2351 littera
995 2327 1006 2351 1
1024 2334 1075 2353 sec.
1094 2334 1182 2351 mama
1200 2327 1309 2350 inserta
1327 2326 1353 2350 B
1364 2327 1388 2350 1.
1463 2326 1492 2356 q)
1512 2324 1596 2355 quasi
1615 2324 1654 2354 G,·
1672 2326 1745 2354 quot
1762 2323 1852 2349 Saxo.

373 2361 400 2394 r)
418 2363 570 2387 nobiscum
589 2363 648 2390 Β1.
721 2364 746 2393 s)
763 2362 916 2396 grimanno
935 2363 965 2388 C.
1036 2361 1061 2392 t)
1080 2361 1162 2393 operi
1181 2360 1268 2385 finem
1287 2361 1347 2386 B1.
1420 2361 1449 2389 u)
1469 2360 1536 2391 Ipse
1553 2359 1656 2388 sec.(?)
1675 2365 1762 2383 mmm
1779 2365 1854 2386 corr.
1878 2358 1912 2384 85

373 2397 436 2429 Ipsi
453 2398 515 2424 Bl.
533 2411 567 2415 —
585 2398 610 2422 si
629 2405 683 2424 om.
701 2398 763 2424 131.
837 2397 868 2427 v)
887 2399 933 2421 est
951 2396 1020 2420 aad.
1039 2397 1101 2423 131.
1172 2395 1211 2428 w)
1230 2396 1270 2420 sio
1288 2395 1350 2421 ΒΞ.
1370 2395 1400 2421 0.
1418 2394 1514 2424 Samo,-
1534 2394 1599 2421 XII.
1617 2394 1679 2419 Bl.

375 2466 409 2512 1)
446 2467 544 2508 Quod
568 2467 847 2500 additamentum
871 2476 981 2509 quare
1005 2469 1036 2498 et
1069 2465 1209 2508 quando
1241 2475 1264 2497 a
1293 2464 1511 2497 Widukindo
1543 2464 1590 2496 sit
1613 2463 1850 2504 stibium-tum,

373 2515 413 2547 in
434 2515 660 2558 praefatione
675 2514 838 2547 disserui.
927 2511 963 2556 2)
990 2511 1154 2555 Epistola
1179 2522 1268 2554 quae
1288 2513 1446 2554 sequitur
1473 2527 1513 2538 =
1541 2509 1692 2553 Stumpf
1708 2520 1766 2544 nr.
1783 2509 1853 2544 443

375 2577 417 2589 =
443 2561 528 2596 Ma.
552 2561 633 2595 DD.
657 2560 688 2603 I,
711 2571 749 2603 p.
767 2561 837 2595 488
865 2576 905 2586 =
932 2559 1015 2600 Rey.
1042 2559 1132 2602 Imp.
1156 2557 1206 2600 II,
1233 2568 1291 2592 nr.
1308 2559 1395 2600 4673
1420 2558 1545 2598 nescio,
1570 2567 1681 2600 quare
1700 2556 1854 2589 Wattm-

375 2608 474 2650 bach,
510 2608 592 2643 ‘SR
627 2608 660 2642 d.
696 2607 858 2640 Berliner
885 2605 1097 2639 Akademie’
1131 2606 1231 2640 1896.
1263 2615 1302 2647 1).
1335 2606 1415 2646 340,
1448 2603 1706 2636 Widulcindum
1737 2604 1854 2646 ipsum
1877 2609 1913 2635 40

373 2655 522 2698 epistola
546 2664 625 2687 cum
648 2655 859 2687 recitaretur
883 2652 1043 2694 adfuisse
1065 2653 1206 2687 sentiat.
1302 2650 1338 2696 3)
1366 2651 1421 2691 Cf.
1447 2660 1562 2694 supra
1579 2660 1619 2692 p.
1644 2651 1723 2695 100,
1745 2649 1766 2683 l.
1791 2650 1854 2684 11:

373 2701 471 2735 bello
506 2712 589 2735 eum
622 2702 812 2744 temptare.
933 2700 969 2741 4)
1007 2699 1122 2732 Situm
1146 2698 1255 2731 huius
1278 2698 1488 2731 munit-ionis
1516 2697 1710 2729 illustravit
1740 2705 1855 2738 nuper

373 2747 595 2791 Poupardin,
630 2747 690 2780 ‘Le
721 2757 891 2789 royaume
924 2747 965 2780 de
997 2745 1182 2779 Provence'
1213 2756 1251 2788 p.
1280 2746 1352 2780 252
1370 2754 1441 2787 sqq.
1574 2741 1609 2787 5)
1649 2741 1703 2784 Cf.
1740 2751 1854 2785 supra

371 2805 409 2837 p.
432 2796 490 2837 25,
514 2795 537 2829 l.
555 2796 588 2829 4.
609 2805 647 2838 p.
666 2795 724 2834 39,
748 2794 769 2829 l.
788 2795 830 2828 6:
857 2794 1027 2836 quantam
1052 2794 1210 2836 stragem
1235 2790 1406 2834 fecerint3
1428 2801 1464 2833 p.
1486 2790 1562 2831 100,
1582 2788 1605 2823 l.
1624 2789 1687 2824 16:
1713 2789 1854 2823 tantam

375 2843 532 2884 stragem
560 2840 749 2875 dederunt.
774 2859 819 2865 —
845 2841 898 2873 De
923 2840 1007 2873 bello
1031 2850 1057 2874 c.
1084 2840 1141 2875 69.
1170 2839 1280 2872 relato
1305 2838 1367 2880 aqi
1390 2836 1576 2870 Dammler
1594 2846 1632 2879 p.
1655 2836 1737 2878 433,
1762 2845 1796 2870 n.
1819 2836 1853 2870 3.
1876 2839 1912 2865 45

375 2889 509 2922 statuit.
583 2887 619 2931 6)
638 2887 770 2930 Vergil.
794 2888 878 2921 Aen.
898 2887 964 2928 IV,
988 2897 1019 2920 v.
1040 2887 1129 2921 639:
1153 2883 1335 2927 finemque
1359 2882 1534 2926 inponere
1558 2881 1663 2917 curis.
1738 2881 1774 2927 7)
1796 2881 1854 2915 Io-

375 2933 491 2966 hanne
515 2934 626 2968 XIII.
653 2945 751 2977 papa
777 2944 808 2968 a.
833 2934 1042 2969 965—972.
