2034 3380
151 1026 184 1051 10

147 1331 182 1357 15

146 1638 182 1663 80

144 1943 179 1969 25

144 2247 179 2272 30

142 2550 177 2575 35

398 347 582 386 RERUM
606 348 889 385 GESTARUM
913 348 1293 386 SAXONICARUM
1316 349 1414 387 LIB.
1439 349 1512 387 ΠΙ.
1657 352 1703 387 99

211 471 439 522 nituntur,
481 472 635 514 iactu³
672 473 800 513 rotae
841 471 1035 525 signifer
1080 473 1188 512 ante
1235 473 1415 525 portam
1462 472 1701 514 brachium
1715 479 1798 515 953.

212 530 428 584 perdidit.
501 529 602 581 Quo
642 530 768 572 facto
811 529 983 571 bellum
1025 532 1095 572 est
1136 530 1360 580 sedatum,
1402 530 1702 585 indutiaeque

213 602 452 631 concessae
484 590 626 630 trium
658 589 835 631 dierum
866 589 915 629 in
948 588 1192 630 Saxoniam
1223 590 1498 630 revertendi.

354 655 595 700 XXIIII.b
670 659 941 701 Thiadricus
996 673 1023 701 a
1073 659 1322 700 Liudulfo⁰
1375 660 1554 715 magnis
1605 674 1702 715 pro-

212 718 502 760 missionibus
555 721 624 760 est
680 720 958 774 temptatus,
1002 714 1365 760 Wichmannusd
1417 721 1572 760 autem
1629 720 1702 760 ad-

211 777 396 818 modum
429 779 717 832 corruptuse.
780 777 1033 819 Patruum¹
1069 773 1203 819 exinf
1239 791 1442 832 arguere,
1482 780 1702 832 paternae

211 835 482 878 hereditatis
512 839 746 891 raptorem
777 837 928 879 dicere
961 838 1008 879 et
1039 850 1225 878 suorum
1256 837 1580 878 thesaurorum
1606 851 1702 892 pre-

211 894 374 936 donem
406 909 569 937 vocare
611 896 775 950 coepit.
848 896 954 951 Ipse
995 897 1150 938 autem
1192 895 1372 937 consilii
1411 909 1701 950 nequaquam

209 953 419 1007 ignarus,
468 956 642 1009 quanta
682 955 910 1010 sapientia
949 957 1211 1009 quantaque
1252 955 1500 1010 prudentia
1541 957 1702 997 contra

208 1013 487 1067 propinquos
520 1015 567 1055 et
598 1014 754 1056 hostes
785 1014 1056 1056 manifestos
1076 1013 1349 1068 vigilaverit,
1384 1014 1606 1056 difficileg
1631 1016 1701 1056 est

209 1072 480 1113 omnimodis
513 1073 703 1114 edicere.

349 1142 497 1184 XXV.
559 1143 778 1198 Iungitur
819 1143 987 1199 quippe
1025 1139 1312 1186 Ecberhtusll
1343 1139 1698 1195 Wichmanno¹‚

209 1201 458 1256 eademque
490 1202 721 1244 sententia
753 1205 1038 1257 consurgunt
1068 1203 1118 1243 in
1150 1203 1313 1244 ducem
1344 1202 1616 1257 nullumque
1658 1203 1699 1245 ei

209 1255 350 1301 dantk
386 1260 555 1314 quietis
595 1256 787 1302 otium¹.
859 1261 949 1303 Ille
990 1263 1146 1303 autem
1182 1261 1330 1303 nobili
1368 1261 1596 1316 patientia
1635 1262 1699 1302 iu-

207 1332 373 1360 venum
404 1319 607 1362 furorem
638 1320 858 1374 frangens
901 1322 1031 1362 cavet
1067 1320 1322 1361 tumultum
1355 1320 1555 1375 aliquem
1591 1334 1698 1376 rege

207 1377 396 1420 absente
428 1378 521 1420 illis
552 1379 602 1420 in
632 1379 842 1434 partibus
874 1392 1142 1421 accrescere.

347 1449 521 1490 XXVI.
585 1449 820 1492 Boioariim
850 1450 1092 1505 repentino
1132 1450 1252 1505 regis
1285 1451 1487 1492 adventu
1517 1463 1601 1493 nec
1639 1451 1697 1492 ad

207 1520 367 1561 pacem
397 1510 670 1550 vertunturn
706 1522 790 1551 nec
823 1509 995 1551 bellum
1029 1509 1266 1564 publicum
1299 1512 1582 1564 presumunt,
1617 1510 1696 1551 sed

207 1565 351 1607 clausi
382 1567 523 1608 muris
554 1568 775 1622 grandem
808 1568 1029 1610 exercitui
1050 1568 1253 1610 laborem
1277 1582 1475 1622 suaeque
1496 1568 1696 1623 regionis

206 1624 501 1668 solitudinem
543 1629 722 1680 parant.
795 1627 929 1669 Unde
975 1627 1126 1668 minus
1173 1627 1450 1681 procedente
1493 1628 1694 1682 negotio,

207 1684 377 1738 absque
418 1685 684 1726 animabus⁰
722 1686 949 1728 exercitus
989 1699 1017 1727 a
1046 1685 1178 1727 nulla
1208 1699 1256 1727 re
1297 1686 1572 1737 abstinebat,
1615 1686 1695 1728 sed

205 1743 358 1784 omnia
388 1744 615 1785 vastabat.

346 1814 547 1856 XXVII.
600 1811 814 1857 Summus
845 1815 1056 1870 pontifex
1086 1816 1277 1866 interea,
1310 1817 1391 1856 utl'
1417 1816 1514 1870 ipse
1540 1815 1694 1858 aiebat

203 1872 367 1915 timore
399 1873 533 1927 regis,
566 1873 720 1915 officio
753 1874 1009 1928 pontificali
1041 1875 1206 1916 amisso
1238 1875 1555 1916 heremiticam
1589 1889 1693 1916 cum

205 1931 421 1973 solitariis
447 1933 647 1974 ducebat
671 1933 813 1974 vitam
828 1933 856 1973 2.
908 1933 1013 1975 Non
1046 1934 1236 1974 minima
1261 1936 1470 1988 quoqueq
1501 1934 1693 1976 caeteris

203 1990 498 2043 pontificibus
544 1992 780 2033 cunctatio
826 1995 925 2034 erat
970 1993 1020 2033 in
1066 1992 1324 2043 Boioariar,
1378 1993 1487 2034 dum
1533 1993 1694 2035 favent

204 2048 424 2102 partibus,
457 2063 580 2091 nunc
611 2051 711 2104 regi
741 2051 1009 2101 assistendo,
1047 2065 1169 2093 nunc
1202 2051 1400 2093 alienas⁸
1434 2053 1589 2106 partes
1620 2052 1694 2093 ad-

204 2106 423 2157 iuvando,
466 2106 597 2161 quia·t
637 2122 720 2150 nec
762 2109 859 2150 sine
900 2109 1104 2163 periculo
1145 2110 1469 2151 alienabantur
1514 2124 1541 2151 a
1586 2123 1694 2164 rege

204 2179 288 2207 nec
320 2166 417 2207 sine
448 2167 548 2208 suiu
578 2167 854 2210 detrimento
887 2168 929 2209 ei
960 2168 1288 2210 adhaerebant.

345 2237 574 2278 XXVIII.
607 2238 762 2292 Agens
775 2240 869 2280 tres
881 2238 1114 2293 integrosV
1127 2251 1303 2281 menses
1314 2261 1370 2266 —
1386 2239 1693 2294 aMogontiaw

202 2295 420 2337 recedens
446 2318 504 2323 —
529 2309 609 2338 rex
634 2297 681 2337 in
710 2297 804 2338 illis
829 2297 1106 2352 regionibus,
1136 2299 1320 2340 demum
1348 2298 1467 2340 circa
1493 2298 1692 2341 Kalend.
1707 2305 1787 2340 954.

202 2353 471 2406 Ianuar.x·³,
503 2355 678 2397 infecto
701 2357 900 2411 negotio,
931 2357 1106 2398 amissis
1129 2357 1307 2399 duobus
1329 2357 1689 2413 principalibusy
1707 2351 1843 2379 ⁶·¹‘¹'¹·¹·

202 2477 231 2511 a)
250 2478 311 2504 ictu
326 2479 413 2507 Saxo.
481 2479 513 2515 b)
531 2481 652 2506 indicem
671 2485 781 2507 secutus
799 2483 850 2508 hoc
869 2483 928 2508 loco
942 2485 1028 2514 caput
1041 2483 1166 2511 XXIIII.
1180 2483 1277 2515 posui,
1291 2486 1317 2508 et
1330 2484 1372 2508 ita
1385 2484 1515 2516 deinceps
1526 2485 1677 2509 numeravi
1683 2493 1694 2515 ί

202 2515 232 2538 in
251 2515 343 2540 codice
361 2516 384 2540 0
403 2515 475 2540 ordo
494 2517 610 2547 saepius
628 2518 771 2545 turbatur.
785 2532 818 2537 —-
837 2518 1039 2544 Theodericus
1053 2519 1088 2546 A.
1102 2519 1200 2550 Sax05
1218 2518 1414 2545 Thiedericus
1427 2519 1490 2546 Β1.
1504 2520 1535 2552 2;
1557 2519 1692 2547 thiedric.

204 2549 359 2577 Thietmar.
431 2550 459 2581 c)
476 2551 588 2576 ludolfo
604 2553 648 2583 Α,·
666 2551 788 2578 liudolfo
807 2553 834 2578 B
845 2555 869 2581 1.
889 2554 984 2585 Saxo5
1003 2552 1172 2585 Liudulpho
1185 2554 1248 2581 132.
1322 2553 1354 2587 d)
1372 2555 1413 2580 sic
1431 2555 1492 2582 1ι.ῑ.
1505 2556 1531 2579 A
1550 2558 1576 2580 et
1595 2557 1694 2585 θεῖτο,-

202 2584 384 2616 wigmannus
394 2585 420 2610 B
428 2587 457 2618 13
471 2586 653 2612 wicmannus
662 2588 720 2615 ΒΞ.
731 2588 761 2615 0.
816 2590 843 2620 e)
856 2592 1010 2620 correptus
1020 2596 1071 2616 sec.
1081 2597 1170 2614 manu
1180 2597 1254 2617 corr.
1266 2592 1422 2622 corruptus
1436 2591 1493 2617 Β1.
1548 2591 1572 2623 f)
1585 2589 1693 2616 exinde

202 2619 262 2647 Β1.
335 2621 364 2651 g)
384 2619 512 2646 difficele
532 2622 562 2649 C.
634 2621 666 2655 h)
685 2623 822 2649 ecbertus
841 2624 878 2651 A.
892 2624 959 2657 B2;
980 2624 1121 2650 ekbertus
1134 2625 1196 2652 Β1.
1209 2625 1307 2656 Sax05
1327 2626 1486 2651 ecberthus
1508 2625 1538 2650 C.
1613 2625 1635 2656 i)
1653 2626 1694 2650 sic

202 2655 228 2679 A
248 2657 272 2680 et
291 2655 390 2686 Saxo,-
408 2657 577 2689 wigmanno
596 2657 657 2685 Bl.
669 2657 701 2690 2;
720 2658 885 2684 wicmanno
906 2659 937 2687 0.
1008 2659 1041 2692 k)
1062 2658 1171 2684 dedere
1190 2659 1291 2693 (ded'e')
1310 2661 1336 2685 B
1348 2661 1370 2687 1.
1444 2661 1465 2691 l)
1484 2660 1580 2684 locum
1600 2660 1691 2685 Saxo.

201 2691 242 2721 m)
264 2691 390 2716 bawarii
408 2692 443 2719 A.
463 2692 562 2722 δαείω
585 2693 716 2718 Baioarii
733 2693 796 2721 B2.
879 2693 911 2726 n)
937 2697 1131 2720 reuertuntur
1145 2695 1175 2722 C.
1256 2697 1285 2727 o)
1310 2695 1328 2721 a
1347 2695 1483 2721 manibus
1503 2702 1562 2726 pro
1581 2695 1693 2727 absque

202 2725 355 2751 animabus
379 2726 441 2752 32.
535 2729 565 2759 p)
590 2731 624 2753 ut
650 2735 704 2755 om.
724 2729 754 2756 C.
843 2729 875 2762 q)
899 2736 1016 2761 quoque
1041 2736 1182 2761 superscr.
1204 2730 1234 2755 'B
1244 2731 1269 2758 1.
1359 2732 1385 2761 r)
1410 2730 1575 2755 inbawaria
1594 2732 1638 2762 A,·
1661 2731 1693 2756 in

202 2760 342 2787 Baioaria
360 2762 428 2795 1323
452 2762 482 2787 in
502 2763 663 2788 bawariam
683 2764 773 2791 Saxo.
829 2765 854 2794 s)
873 2764 986 2790 alienos
1006 2765 1044 2795 C,-
1062 2765 1136 2790 alias
1156 2765 1216 2793 132.
1273 2765 1295 2797 t)
1315 2765 1366 2797 qui
1380 2764 1423 2798 (q)
1438 2765 1467 2792 C.
1522 2765 1554 2798 u)
1572 2766 1616 2790 sui
1635 2773 1691 2793 om.

201 2796 264 2821 ΒΞ.
346 2796 377 2830 v)
401 2804 494 2825 mens.
518 2798 627 2830 integr.
645 2799 708 2826 ΒΞ.
789 2800 828 2829 w)
852 2799 894 2824 eie
912 2800 950 2830 G,·
975 2801 1130 2831 maguntia
1149 2800 1192 2830 Δ,-
1217 2801 1373 2832 moguncia
1397 2801 1459 2832 131,
1485 2801 1602 2832 saepius
1625 2808 1692 2826 vero

202 2832 371 2865 moguntin
391 2833 548 2865 Mogoncia
566 2834 629 2862 ΒΣ.
704 2835 736 2865 x)
755 2834 883 2859 ianuarii
902 2835 992 2862 Saxo.
1073 2836 1104 2867 y)
1123 2835 1307 2867 principibus
1326 2842 1404 2863 corr.
1421 2836 1635 2868 principalibus
1654 2837 1689 2863 A.

203 2933 238 2979 1)
263 2934 514 2972 Hermannum
539 2940 668 2975 ducem.
779 2941 817 2983 2)
848 2939 902 2981 Cf.
929 2951 1047 2983 supra
1071 2950 1098 2975 c.
1124 2941 1179 2976 13:
1207 2941 1263 2983 16,
1297 2942 1400 2984 infra
1427 2952 1469 2984 p.
1487 2942 1567 2984 101,
1592 2943 1616 2978 l.
1633 2943 1690 2978 32.

142 2987 177 3013 45
202 2981 238 3026 3)
250 2982 415 3017 Natalem
428 2985 576 3020 Domini
585 2997 702 3030 reqem
714 2988 788 3021 iam
802 2989 842 3021 in
854 2987 1018 3021 Sacconia
1029 2987 1163 3030 deyisse
1178 2987 1274 3023 Com.
1289 2989 1414 3031 Reyin.
1427 2999 1461 3024 a.
1473 2990 1554 3024 954.
1567 2989 1690 3031 refert.

1365 3059 1408 3094 7*
