2034 3380
362 326 412 361 24
725 318 729 319 ⁷
965 318 1199 355 WIDUKIN
1202 318 1256 353 DI

366 444 501 486 Sulza
548 443 717 497 egressi
763 444 884 484 sunt.
965 441 1006 482 A
1059 441 1242 496 proprio
1294 442 1446 482 autem
1501 441 1616 482 duce
1666 441 1850 483 nomine

367 502 548 545 Gothaa
587 501 730 543 Gothi
771 500 993 556 appellati
1032 502 1153 541 sunt.
1217 499 1380 541 Coram
1419 513 1508 553 quo
1550 513 1654 541 cum
1695 499 1851 554 *quae-

366 562 473 603 dam
503 560 716 603 mulieres
746 560 796 602 in
827 554 1056 602 exercitub
1084 572 1164 601 suo
1196 572 1349 601 rerum
1370 559 1672 600 veneficarum
1696 571 1851 612 argue-

366 623 539 669 rentur,
572 619 818 674 requisitae
851 621 959 660 sunt
991 621 1038 660 et
1067 618 1283 659 inventae
1316 617 1583 672 culpabiles.
1647 616 1851 669 Quarum

365 694 470 722 cum
503 681 622 721 esset
653 678 917 728 multitudo,
952 691 978 719 a
1010 677 1174 719 merita
1204 677 1387 730 quidem
1426 690 1573 731 poena
1613 675 1850 726 abstinuit,

366 738 423 781 ab
457 737 661 781 exercitu
690 740 848 779 tamen
878 750 1034 778 omnes
1066 736 1213 777 eiecit.
1276 735 1462 777 Eiectae
1494 737 1647 776 autem
1689 734 1851 777 silvam

366 797 643 852 proximam⁰
688 796 934 851 petierunt.
1007 794 1134 846 Quae
1175 808 1279 836 cum
1319 794 1435 835 mari
1475 790 1763 848 cingereturd
1805 795 1852 835 et

366 856 578 898 Meoticis
624 855 890 910 paludibus,
937 854 1045 895 inde
1086 853 1282 895 exeundi
1322 853 1474 894 aditus
1513 867 1607 895 non
1647 852 1851 908 patebat.

366 915 650 969 Pregnantes
679 916 861 956 31110111θ
888 908 1008 953 iamf
1035 912 1259 966 quaedam
1288 925 1343 953 ex
1362 911 1455 952 illis
1477 911 1646 954 ibidem
1669 914 1852 966 partum

366 974 613 1016 ediderunt
628 972 656 1011 1.
717 973 759 1013 A
791 971 955 1025 quibus
988 985 1092 1013 cum
1124 970 1204 1011 alii
1245 972 1382 1024 atque
1424 970 1503 1011 alii
1542 972 1850 1019 nascerentur,

365 1033 494 1074 facta
525 1034 594 1073 est
626 1044 737 1086 gens
768 1030 944 1080 valida;
976 1029 1269 1083 ferarumque
1301 1042 1425 1071 more
1446 1029 1663 1079 viventes,
1687 1029 1853 1070 inculti

368 1093 415 1133 et
446 1090 672 1140 indomiti,
705 1090 822 1132 facti
853 1091 961 1131 sunt
993 1090 1231 1130 venatores
1263 1088 1485 1130 acerrimi.
1556 1087 1667 1129 Post
1707 1087 1854 1129 multa

367 1163 474 1192 vero
506 1149 701 1200 saecula,
735 1162 839 1191 cum
861 1148 997 1190 aliam
1023 1147 1185 1188 mundi
1206 1149 1383 1202 partem
1404 1147 1500 1188 illic
1523 1148 1854 1189 commorantes

369 1209 552 1263 penitus
602 1208 913 1263 ignorarentg‚
967 1206 1162 1260 contigit
1215 1219 1393 1248 cervam
1438 1208 1609 1248 venatu
1659 1205 1855 1248 inveniri

369 1281 558 1322 eamque
590 1267 812 1322 persequi,
847 1267 989 1308 donec
1030 1265 1128 1320 ipsa
1168 1265 1441 1320 precedente
1481 1264 1691 1306 omnibus
1730 1266 1853 1306 retro

369 1326 640 1368 mortalibus
671 1324 1093 1367 intransmeabilem
1126 1324 1348 1366 hactenus
1379 1323 1500 1365 viam
1531 1337 1612 1379 per
1632 1323 1854 1365 Meoticas

369 1385 560 1440 paludes
607 1386 964 1435 transmearent;
1012 1383 1166 1437 ibique
1213 1382 1348 1424 urbes
1396 1385 1442 1424 et
1489 1382 1659 1437 oppida
1705 1383 1751 1423 et
1791 1382 1854 1422 in-

368 1439 543 1486 visum¹¹
570 1446 706 1486 antea
736 1456 881 1498 genus
902 1443 1140 1484 hominum
1160 1441 1381 1491 videntes,
1409 1442 1567 1483 eadem
1589 1441 1662 1482 via
1686 1440 1854 1482 reversi

369 1505 490 1554 sunt,
524 1503 657 1544 sociis
687 1501 802 1543 talia
821 1501 1086 1544 referentes.
1137 1500 1219 1541 Illi
1241 1503 1395 1542 autem
1418 1499 1696 1541 curiositatis
1718 1512 1856 1541 causa

370 1576 473 1604 cum
506 1561 805 1603 multitudine
838 1562 1137 1615 perrexerunt
1169 1559 1328 1600 audita
1349 1559 1556 1614 probare.
1609 1558 1854 1600 Finitimae

370 1623 524 1662 autem
555 1620 691 1662 urbes
723 1622 770 1661 et
809 1614 1001 1674 oppidai
1043 1632 1146 1660 cum
1184 1619 1390 1672 ignotam
1430 1617 1770 1659 multitudinem
1808 1618 1855 1659 et

370 1693 559 1734 corpora
590 1678 721 1721 cultu
752 1678 1035 1732 habituque2
1075 1677 1302 1719 horrenda
1338 1676 1571 1728 vidissent,
1614 1676 1855 1718 daemonia

370 1752 466 1780 esse
518 1738 755 1781 credentes
800 1737 1057 1791 fugiebant.
1135 1736 1216 1777 Illi
1260 1749 1366 1778 vero
1413 1736 1471 1777 ad
1517 1749 1657 1777 novas
1702 1749 1854 1777 rerum

367 1797 540 1840 facies3
585 1799 824 1851 stupentes
870 1791 1130 1845 admira-fik,
1178 1795 1377 1850 primum
1418 1794 1599 1848 quidem
1642 1808 1669 1835 a
1715 1794 1853 1836 caede

370 1859 508 1910 atque
569 1856 731 1911 rapina
793 1855 1138 1905 abstinuerunt,
1202 1849 1304 1895 sed¹
1371 1853 1552 1895 nemine
1613 1852 1853 1894 resistente

369 1915 571 1956 humana
609 1914 726 1956 tacti
766 1909 1026 1969 cupidine¹‚
1069 1912 1217 1954 multa
1258 1911 1396 1954 caede
1437 1911 1673 1954 hominum
1713 1911 1852 1961 facta,

368 1974 489 2015 nulli
519 1974 587 2016 rei
618 1973 809 2028 proinde
841 1972 1103 2027 parcebant.
1167 1971 1227 2012 Et
1259 1973 1394 2025 capta
1426 1971 1567 2025 preda
1598 1984 1765 2024 magna
1796 1970 1855 2011 ad

369 2033 498 2075 sedes
531 2046 635 2074 suas
666 2032 835 2074 reversi
876 2033 997 2073 sunt·
1059 2030 1280 2072 Videntes
1322 2031 1488 2079 autem,
1531 2029 1638 2083 quia
1678 2039 1749 2071 res
1791 2029 1854 2070 eis

369 2105 498 2134 secus
531 2091 760 2138 cederent,
793 2105 896 2132 cum
936 2089 1153 2131 uxoribus
1194 2102 1245 2131 ac
1287 2089 1393 2130 filiis
1435 2090 1481 2130 et
1522 2088 1647 2130 omni
1686 2087 1856 2142 agresti

369 2150 716 2205 suppellectilim
747 2150 915 2192 iterum
955 2149 1191 2191 venientes
1232 2150 1280 2190 et
1320 2148 1538 2189 finitimas
1575 2149 1735 2202 gentes
1776 2146 1855 2188 cir-

371 2223 655 2264 cumquaque
695 2211 950 2258 vastantes,
994 2207 1277 2249 Pannoniam
1319 2208 1550 2261 postremo
1592 2205 1855 2247 inhabitare

370 2270 632 2323 coeperunt.

511 2338 720 2379 XVIIII.
772 2337 897 2379 Victi
937 2339 1091 2378 autem
1123 2349 1150 2377 a
1181 2335 1378 2390 Magno¹1
1412 2334 1584 2376 Karolo
1621 2336 1693 2376 et⁰
1727 2336 1855 2376 trans

369 2397 636 2439 Danubium
682 2396 804 2451 pulsi
850 2409 902 2437 30
946 2395 1124 2450 ingenti
1166 2394 1289 2436 vallo
1336 2392 1710 2443 circumclusil’·4‚
1761 2407 1855 2448 pro-

369 2518 399 2551 a)
418 2518 516 2545 Gotho
535 2518 560 2543 Β
571 2518 597 2545 2.
662 2516 693 2546 b)
707 2517 822 2549 syllaba
837 2519 868 2541 tu
884 2523 936 2541 sec.
953 2523 1040 2541 manu
1057 2516 1124 2541 add.
1140 2515 1177 2543 A.
1241 2514 1268 2547 0)
1287 2515 1451 2546 proximam
1471 2522 1527 2542 om.
1544 2514 1570 2539 B
1581 2515 1605 2541 1.
1672 2512 1703 2547 d)
1717 2514 1758 2538 εἰσ
1770 2513 1806 2541 A.
1818 2513 1857 2545 C,-

370 2555 562 2586 cingerentur
581 2553 642 2580 Bl.
661 2553 686 2580 2.
776 2551 804 2585 e)
826 2554 925 2577 autem
944 2559 999 2579 om.
1017 2551 1047 2578 C.
1135 2551 1160 2581 f)
1179 2549 1306 2581 quedam
1326 2550 1383 2575 iam
1404 2550 1463 2577 Β1.
1553 2550 1584 2582 g)
1606 2550 1776 2581 ignorantes
1795 2548 1856 2576 Bl.

370 2590 402 2622 h)
414 2590 542 2615 inuisum
554 2589 585 2613 in
597 2589 658 2614 loco
671 2595 750 2620 raso,
763 2590 794 2612 ut
807 2588 928 2619 videtur,
943 2587 978 2614 A.
1035 2587 1057 2617 i)
1070 2585 1160 2618 opida
1171 2588 1206 2614 A.
1264 2585 1294 2618 k)
1307 2585 1449 2611 admirari
1462 2586 1489 2610 B
1499 2587 1524 2613 1.
1580 2584 1600 2617 1)
1613 2585 1666 2610 sed
1676 2598 1709 2603 —
1719 2584 1856 2616 cupidine

370 2633 427 2653 om.
438 2625 465 2650 Β
475 2626 500 2652 1.
557 2623 598 2657 111)
611 2623 790 2656 supellectili
802 2623 828 2648 Β
839 2623 864 2650 2.
921 2623 953 2653 11)
966 2622 1068 2648 karolo
1081 2629 1187 2654 magno
1200 2622 1226 2647 B
1236 2622 1262 2647 1.
1322 2623 1350 2653 o)
1364 2624 1394 2647 et
1406 2628 1461 2649 om.
1475 2621 1510 2648 A.
1570 2622 1601 2653 p)
1614 2619 1783 2645 circumlusi
1795 2619 1820 2645 B
1830 2619 1858 2647 2.

370 2725 406 2769 1)
439 2725 558 2758 Aliter
589 2724 761 2758 Iordanes
794 2724 818 2759 l.
852 2724 875 2759 l.
909 2735 946 2767 p.
975 2724 1041 2758 89:
1079 2732 1166 2765 quas
1199 2720 1345 2766 spiritus
1379 2719 1545 2754 inmundi
1577 2730 1643 2763 per
1675 2717 1856 2752 herimum

369 2774 544 2816 vagantes
582 2770 669 2805 dum
703 2769 875 2805 vidissent
908 2773 945 2804 et
980 2780 1106 2804 eorum
1140 2767 1376 2813 conplexibus
1410 2767 1448 2801 in
1484 2766 1582 2801 coitu
1618 2764 1855 2809 miscuissent,

370 2829 484 2862 genus
508 2817 577 2852 hoc
602 2817 865 2852 ferocissimum
889 2816 1091 2851 ediderunt.
1197 2818 1232 2860 2)
1273 2815 1328 2857 Cf.
1359 2814 1491 2857 Iseo-qil.
1518 2813 1643 2855 Geory.
1669 2813 1700 2854 I,
1734 2824 1763 2848 v.
1788 2813 1855 2849 52:

371 2865 560 2908 cultusque
577 2864 801 2909 habitusque.
899 2866 935 2908 3)
966 2864 1023 2905 Cf.
1046 2863 1175 2906 Veryil.
1202 2864 1288 2898 Aen.
1311 2862 1372 2904 VI,
1394 2872 1423 2896 v.
1444 2862 1531 2896 104:
1556 2871 1652 2894 nova
1668 2858 1720 2893 mi
1736 2858 1855 2893 facies.

370 2912 409 2955 4)
440 2912 622 2946 Karolum
655 2912 829 2955 Magmum
864 2912 1001 2945 Avares
1037 2910 1129 2944 vallo
1165 2919 1295 2952 mayno
1331 2908 1604 2942 circumclusisse
1637 2906 1776 2941 saeculo
1808 2906 1854 2942 X.

371 2960 534 3002 vulyaris
550 2959 623 3001 fm't
640 2960 760 3001 opinio
767 2970 783 2999 ;
800 2959 874 2992 vide
891 2958 1125 3002 Liudpraudi
1134 2956 1311 2999 Antapod.
1326 2956 1357 2998 I,
1376 2956 1430 2997 13,
1449 2954 1511 2990 SS.
1526 2965 1557 2990 r.
1575 2955 1617 2990 G.
1634 2955 1686 2990 ed.
1700 2956 1733 2990 2.
1745 2964 1784 2998 p,
1800 2954 1858 2996 12,

1877 512 1921 544 Ἴ).
1933 511 1997 541 426.

1879 984 1913 1009 10

1880 1277 1914 1302 15

1879 1572 1915 1597 20

1880 1864 1914 1890 25

1881 2159 1916 2184 30

1881 2515 1916 2541 ³5

1879 2773 1915 2798 40
