2034 3380
279 627 360 661 938.

240 1307 362 1338 (Maio).

376 328 422 363 62
971 321 1266 358 WIDUKINDI

377 447 522 487 mater
568 445 664 486 eius
711 444 806 485 filia
858 445 983 486 erata
1035 445 1309 485 materterae
1357 437 1611 496 sigifridib,
1664 443 1719 484 de
1770 457 1861 497 qua

375 504 537 558 genuit
568 518 647 545 rex
678 503 925 545 Heinricus
946 500 1357 544 Thancmarum⁰·1
1388 524 1458 550 ——,
1492 502 1538 542 et
1570 501 1714 555 regali
1739 502 1859 544 dono

376 559 611 605 cessissetd
664 562 833 604 Geroni
885 562 1041 603 comiti
1054 562 1082 611 ²,
1143 561 1344 602 afflictus
1397 562 1466 601 est
1516 559 1853 601 Thancmaruso

374 622 565 664 tristitia
596 635 777 676 magna.
823 621 920 663 Rex
952 622 1106 662 autem
1137 615 1401 661 transivitd*
1424 619 1474 659 in
1496 618 1780 660 Boioariam⁰
1813 621 1862 661 et

375 681 509 723 rebus
539 676 634 723 ibif
669 681 758 722 rite
791 680 1052 735 compositis
1083 692 1290 721 reversus
1322 680 1391 720 est
1421 678 1469 718 in
1503 677 1745 719 Saxoniam
1761 677 1790 718 3.

516 764 573 804 X.
630 763 863 804 Dissensio
896 767 1063 812 autem,
1098 764 1243 817 quaeg
1278 761 1404 802 facta
1436 755 1533 802 esth
1568 761 1690 802 inter
1721 759 1860 802 Evur-

376 817 594 864 hardumi
636 825 682 864 et
723 817 1055 875 Bruningumk,
1099 821 1157 861 ad
1197 821 1284 861 hoc
1325 819 1550 873 pervenit,
1599 820 1652 860 ut
1699 819 1860 861 caedes

375 881 587 936 publicae
619 882 795 931 fierent,
839 879 1308 934 depopulationesque
1349 891 1559 931 agrorum
1602 879 1858 932 agerentur,

376 942 422 982 et
454 940 511 981 ab
542 939 767 981 incendiis
798 951 1023 992 nusquam
1056 937 1353 978 abstinerent.
1407 936 1477 978 De
1505 936 1659 990 legum
1681 950 1860 991 quoque

375 999 597 1040 varietate
611 998 628 1022 4
647 998 774 1039 facta
800 999 869 1038 est
891 999 938 1038 et
961 996 1208 1046 contentio,
1240 996 1520 1048 fueruntque
1542 995 1621 1048 qui
1641 995 1859 1045 dicerent,

376 1058 483 1111 quia
522 1057 607 1098 filii
647 1057 845 1098 filiorum
886 1069 979 1096 non
1026 1055 1247 1096 deberent
1288 1054 1544 1108 computari
1582 1053 1705 1095 inter
1743 1053 1862 1095 filios

375 1116 770 1170 hereditatemque
822 1109 1052 1168 legitime¹
1114 1127 1213 1155 cum
1268 1113 1374 1154 filiis
1426 1112 1591 1162 sortiri,
1652 1112 1690 1153 si
1740 1112 1862 1155 forte

376 1177 529 1230 patres
561 1189 717 1217 eorum
750 1174 990 1216 obissentlm
1023 1173 1117 1214 avis
1154 1172 1490 1227 superstitibus.
1552 1171 1686 1213 Unde
1723 1171 1864 1213 exiit⁵

376 1234 579 1276 edietum
611 1248 637 1275 a
667 1246 787 1288 rege,
822 1234 877 1273 ut
916 1231 1186 1273 universalis
1226 1230 1386 1286 populi
1427 1230 1695 1272 conventio11
1732 1231 1862 1272 fieret

376 1294 499 1347 apud
538 1293 693 1334 villam
740 1305 855 1346 quae
897 1291 1066 1332 dieitur
1108 1290 1329 1340 Stela⁰·⁶;
1377 1290 1643 1343 factumque
1685 1291 1766 1336 est,
1809 1291 1861 1330 ut

377 1365 513 1394 eausa
543 1352 664 1393 inter
695 1351 891 1393 arbitros
922 1350 1205 1391 iudicaretur
1236 1349 1399 1391 debere
1422 1348 1670 1390 examinari
1686 1347 1712 1388 ⁷.
1764 1348 1862 1389 Rex

377 1413 531 1453 autem
563 1410 741 1452 meliori
773 1409 962 1452 consilio
994 1422 1103 1450 usus
1134 1408 1284 1449 noluit
1315 1408 1434 1449 viros
1458 1407 1635 1448 nobiles
1658 1420 1710 1448 ao
1733 1417 1861 1448 senes

376 1470 535 1524 populi
565 1470 807 1511 inhoneste
846 1468 1050 1518 tractari,
1093 1468 1173 1509 sed
1214 1467 1358 1522 magis
1398 1479 1494 1508 rem
1530 1466 1652 1507 inter
1692 1465 1862 1519 gladia-

376 1609 405 1639 a)
429 1610 607 1633 materterae
626 1609 690 1632 erat
708 1607 772 1632 132.
862 1607 892 1637 b)
916 1604 1025 1631 sifridis
1044 1605 1088 1636 A;
1114 1603 1233 1630 SisfrIdi
1251 1605 1320 1638 Β2;
1343 1603 1476 1635 sigefridi
1493 1604 1576 1631 Frut.
1595 1603 1682 1630 Saxo.
1771 1603 1798 1634 c)
1822 1603 1863 1628 sic

376 1644 461 1668 etiam
481 1644 517 1675 A,
538 1643 575 1673 cf.
593 1650 685 1674 supra
700 1650 732 1673 p.
750 1643 794 1674 61,
814 1649 842 1668 n.
860 1649 898 1668 m.
988 1639 1019 1671 d)
1045 1640 1190 1666 concessit
1209 1641 1240 1665 0.
1331 1638 1380 1672 d*)
1405 1639 1526 1664 transiit
1545 1639 1649 1670 prima
1672 1645 1760 1663 manu
1785 1645 1861 1664 corr.

377 1679 515 1704 transiuit
534 1679 563 1705 C.
637 1679 665 1709 e)
683 1678 724 1702 sic
742 1678 780 1708 C;
799 1677 960 1702 bawarIam
978 1677 1014 1704 A.
1032 1677 1058 1701 B
1070 1677 1095 1701 1.
1115 1676 1212 1706 Saxo;
1232 1675 1399 1700 Baioariam
1417 1675 1478 1702 ΒΞ.
1559 1673 1583 1706 f)
1602 1675 1690 1699 rebus
1709 1674 1812 1706 positis
1831 1674 1861 1702 0.

376 1716 405 1745 g)
431 1721 507 1745 quae
528 1721 582 1740 om.
600 1713 635 1740 A.
727 1712 758 1742 h)
783 1715 848 1737 erat
865 1713 927 1739 Bl.
1017 1712 1039 1742 i)
1063 1712 1104 1736 sic
1123 1711 1161 1741 Ο,-
1190 1709 1386 1736 eum-bardum
1406 1711 1441 1737 A.
1460 1710 1527 1742 1323
1557 1709 1754 1735 eberhardum
1773 1709 1862 1736 Saxo.

376 1751 407 1781 k)
425 1750 465 1774 sic
484 1750 511 1776 h.
524 1749 543 1776 I.
559 1749 644 1773 etiam
658 1749 683 1773 A
698 1751 723 1772 et
736 1749 826 1779 sacco,
847 1748 882 1778 cf.
895 1754 987 1778 supra
994 1755 1027 1779 p.
1037 1747 1081 1779 60,
1095 1755 1123 1774 n.
1137 1754 1174 1774 m.
1246 1745 1267 1778 l)
1287 1753 1352 1771 cum
1372 1745 1438 1771 filiis
1459 1745 1518 1778 leg.
1538 1745 1564 1770 B
1575 1746 1600 1773 1.
1671 1744 1711 1778 m)
1730 1745 1862 1770 abissent

376 1785 442 1810 aliis
461 1785 550 1812 Saxo.
622 1785 653 1815 n)
672 1787 834 1809 conuentus
855 1783 943 1810 Sanco.
1017 1784 1046 1814 o)
1065 1783 1138 1808 stele
1157 1782 1245 1808 Saxo.
1406 1796 1416 1802 -

379 1880 412 1923 1)
437 1879 499 1912 Ita
523 1879 564 1912 hi
585 1879 679 1911 inter
702 1889 737 1911 se
761 1878 940 1911 coniuncti
961 1878 1072 1919 fuisse
1096 1877 1297 1956 videntur-N

600 2101 794 2136 Heinrious
818 2102 861 2134 H
858 2053 1030 2144 athlebury
1401 2025 1603 2142 SefyifE-idus

680 2167 940 2248 Thanc'marus.

377 2264 431 2305 Cf.
456 2264 583 2304 Waz'tz,
608 2262 746 2297 ‘Heimn
771 2261 816 2296 I!
839 2262 890 2296 ed.
913 2262 946 2296 3.
969 2272 1006 2304 p.
1029 2261 1116 2302 2083
1142 2259 1277 2301 Kurze,
1302 2258 1408 2292 ‘Neue
1424 2255 1556 2292 Mitth!
1574 2255 1702 2299 XVII,
1724 2267 1761 2299 p.
1779 2256 1860 2290 283.

377 2310 412 2354 2)
448 2310 500 2343 De
534 2320 602 2352 quo
636 2312 780 2352 eyerunt
814 2308 1048 2351 copiosissime
1075 2307 1124 2339 K.
1151 2305 1234 2341 Chr.
1264 2306 1306 2338 de
1329 2304 1491 2346 Leutsch,
1518 2303 1730 2346 ‘Markyraf
1753 2302 1859 2335 Gero’

376 2358 517 2399 (1828),
553 2360 583 2389 et
620 2355 657 2391 Ο,
692 2356 732 2388 de
762 2355 996 2396 Heinemann,
1030 2353 1248 2395 ‘Mar-hyras
1274 2352 1382 2385 Gero'
1414 2352 1555 2393 (1860).
1675 2349 1712 2395 3)
1746 2349 1862 2382 Immo

375 2403 516 2436 duabus
539 2402 817 2446 eatpeditionibus
841 2411 929 2445 opus
952 2403 1040 2443 erat,
1073 2403 1113 2433 ut
1138 2400 1314 2433 Bawaria
1340 2401 1556 2443 panaretum·
1589 2398 1633 2440 cf.
1658 2396 1745 2439 Req.
1769 2396 1860 2440 Imp.

374 2451 430 2492 II,
463 2461 523 2484 nr.
549 2452 637 2486 75a.
663 2451 709 2485 76
718 2460 752 2492 9.
775 2449 809 2484 h.
929 2447 965 2493 4)
1003 2448 1056 2489 Cf.
1090 2457 1204 2490 supra
1231 2457 1271 2490 p.
1297 2448 1355 2488 20,
1385 2447 1407 2480 l.
1436 2447 1501 2481 19:
1534 2444 1588 2478 De
1622 2443 1745 2488 legum
1774 2453 1861 2477 vero

376 2497 552 2531 varietate
576 2501 634 2532 eto.
683 2496 943 2529 Narrationem
967 2505 1058 2538 quae
1088 2496 1248 2537 sequitur
1280 2494 1354 2526 iam
1390 2503 1422 2528 a.
1450 2493 1553 2528 1853.
1590 2491 1732 2534 Gaupp,
1759 2490 1863 2524 ‘Ger-

375 2544 603 2578 manistische
623 2543 921 2586 Abhandlunyen'
938 2553 976 2586 p.
1003 2543 1082 2584 127,
1107 2552 1142 2576 n.
1167 2542 1199 2583 1,
1223 2544 1310 2574 recte
1333 2541 1586 2583 interpretatus
1609 2542 1658 2572 est
1664 2549 1681 2580 ‚·
1703 2537 1860 2578 uberius,

376 2593 441 2635 qui
468 2592 599 2635 Gaupp
633 2593 862 2634 iqnorarunt,
897 2590 937 2622 de
968 2589 1119 2632 Simson,
1152 2588 1420 2630 ‘For-schunyen
1449 2598 1480 2622 z.
1506 2587 1552 2621 D.
1579 2585 1712 2620 Gesch!
1736 2583 1861 2626 XXV,

370 2651 412 2683 p.
446 2639 515 2674 369
539 2649 624 2682 sqq.,
660 2639 719 2671 cui
749 2637 866 2670 Waitz
897 2636 982 2672 ibid.
1010 2651 1050 2682 p.
1084 2636 1165 2678 373,
1200 2646 1236 2670 n.
1270 2637 1303 2670 2.
1339 2644 1504 2668 assensus
1533 2636 1605 2673 est;
1637 2633 1678 2665 de
1711 2631 1861 2672 Plaude,

379 2685 461 2721 ‘SR
487 2686 520 2721 d.
545 2685 627 2722 hist.
655 2685 706 2720 Ol.
731 2685 765 2719 d.
791 2684 1006 2718 Manohener
1026 2682 1234 2717 Alcademie’
1260 2683 1362 2717 1886.
1393 2693 1429 2725 p.
1457 2682 1525 2716 155
1540 2690 1612 2723 sqq.
1720 2679 1757 2721 5)
1794 2677 1860 2712 Ev.

377 2733 463 2768 Duc.
497 2735 532 2776 2,
570 2735 609 2769 1:
645 2731 732 2767 exiit
766 2730 926 2765 edictum
960 2741 982 2764 a
1015 2729 1168 2764 Caesare
1201 2729 1381 2774 Augusto,
1415 2729 1457 2761 ut
1488 2725 1750 2761 describeretur
1781 2723 1860 2758 uni-

378 2790 501 2813 versus
525 2779 631 2814 orbis.
742 2778 778 2823 6)
805 2779 911 2812 Steele
936 2779 983 2811 ad
1007 2778 1149 2811 Ruram
1174 2777 1334 2819 fluvium,
1358 2777 1398 2808 in
1423 2774 1552 2807 circulo
1574 2772 1699 2814 Essen,
1725 2771 1770 2805 ab
1794 2771 1862 2805 hae

376 2828 514 2860 civitate
538 2828 632 2861 inter
654 2827 836 2860 meridiem
859 2830 890 2859 et
914 2827 1079 2859 orientem
1104 2834 1236 2859 versus.
1283 2823 1411 2865 Regem
1434 2822 1490 2855 die
1514 2822 1569 2856 18.
1595 2819 1692 2852 Maii
1719 2829 1753 2855 a.
1779 2820 1860 2855 938.

378 2873 415 2906 in
441 2873 542 2907 Stela
566 2875 677 2916 fuisse
700 2873 857 2917 diploma
882 2872 1030 2907 ostendit
1053 2871 1135 2908 DD.
1161 2871 1194 2914 I,
1223 2881 1263 2914 p.
1291 2870 1370 2905 108.
1487 2867 1523 2910 7)
1545 2867 1575 2902 Ι.
1601 2877 1627 2902 e.
1653 2869 1692 2900 ut
1717 2865 1861 2908 arbitri,

378 2922 448 2953 viri
487 2920 617 2954 nobiles
656 2931 697 2954 ae
736 2930 831 2954 senes
865 2919 1012 2963 populi,
1053 2920 1143 2952 sicut
1181 2918 1303 2951 statim
1343 2919 1525 2958 vocantur,
1565 2924 1709 2948 causam
1749 2912 1862 2947 duello

377 2967 542 3001 iudiciali
563 2969 657 3000 inter
680 2978 715 3001 se
738 2967 984 3001 discernerent.

1887 1009 1922 1034 10

1887 1302 1922 1327 15

1886 1638 1922 1663 20

1886 1884 1922 1910 25

1886 2265 1922 2290 30

1886 2734 1922 2759 ⁴0

1884 2968 1920 2995 45
