2034 3380
350 333 429 368 XII
937 329 1243 366 PRAEFATIO.

344 451 507 505 piscopi
535 450 798 493 Coloniensis
828 450 881 492 ab
912 464 957 492 eo
988 465 1073 493 esse
1103 450 1331 504 inspectam
1353 450 1516 504 Mittaq
1531 450 1545 475 ¹
1577 450 1831 503 coniectavit,

350 511 423 552 sed
473 523 559 551 non
609 509 835 564 probavit,
897 523 972 552 nec
1021 509 1163 552 minus
1214 510 1453 562 repellenda
1514 513 1574 552 est
1622 509 1835 552 Iohannis

351 569 596 611 Dierauer²
635 568 797 622 opinio,
843 583 970 622 quam
1015 568 1142 610 vanis
1187 568 1425 610 rationibus
1470 568 1623 621 fulcire
1668 568 1835 620 frustra

351 632 524 670 conatus
555 631 625 681 est,
657 629 821 670 easdem
852 627 1160 670 Widultindum
1192 642 1242 670 ac
1274 627 1531 681 Ruotyerum
1562 626 1835 681 insumpsisse

349 686 575 728 relationes
624 686 672 728 in
709 700 903 740 puynam
947 686 1287 738 Lechfeldensem
1338 686 1664 729 describendam.
1750 686 1836 730 Ubi
1859 700 1877 726 5

350 760 441 788 cum
487 745 763 788 Hrotsvithae
809 744 1025 788 carmine3
1069 746 1132 787 vel
1176 759 1268 788 cum
1314 744 1591 799 Liudprandi
1635 744 1835 787 Historia

356 804 547 848 Ottonis4
577 804 626 846 in
656 805 779 846 rebus
809 803 1026 847 enarratis
1065 804 1268 858 congruit,
1309 803 1419 846 idem
1458 808 1518 846 est
1557 805 1833 857 statuendum,

350 868 455 907 certe
501 877 642 906 eorum
688 863 818 905 libros
862 877 948 905 non
997 862 1104 905 vidit
1112 877 1128 915 ,·
1178 862 1303 905 immo
1348 862 1644 905 Hrotsvitham
1688 863 1835 907 Widu-

350 922 472 965 hindi
512 922 641 964 libros
680 926 860 964 secutam
901 935 987 964 esse
1019 921 1211 964 historici
1249 921 1339 973 fere
1379 921 1643 964 consentiunt
1653 922 1680 975 ⁵,
1722 923 1835 964 dum-

352 983 471 1023 modo
519 981 822 1023 concedendum
867 985 927 1022 est
971 981 1219 1022 alteru-trum
1265 979 1440 1027 alterius
1480 980 1634 1022 librum
1675 981 1834 1034 leyisse.
1861 995 1895 1021 lo

350 1040 593 1082 Monachus
638 1039 900 1083 Corbeiensis
938 1039 1134 1081 Annales
1173 1040 1313 1081 breves
1350 1038 1616 1081 Corbeienses
1654 1040 1836 1091 fortasse

350 1098 545 1141 adhibuit
557 1099 586 1139 6.

491 1157 644 1210 Leqem
667 1156 937 1210 Saxonicam,
970 1171 1076 1210 quae
1106 1157 1369 1200 inveniatur
1399 1158 1523 1212 apud
1555 1157 1708 1213 plures
1738 1157 1835 1199 dili·

351 1219 514 1272 gente1
536 1217 777 1272 descripta,
811 1215 1144 1258 connnemoravit
1165 1216 1204 1269 I,
1233 1219 1298 1258 14.
1345 1215 1594 1269 Diplomata
1613 1220 1652 1258 et
1671 1216 1836 1258 tabulas

350 1275 543 1329 neylexit,
573 1276 647 1317 sed
665 1275 891 1340 epistolam
922 1274 1041 1317 illam
1064 1274 1417 1328 pretiosissimam
1448 1275 1501 1317 ab
1534 1275 1681 1318 Ottone
1706 1274 1746 1317 Ι.
1779 1276 1839 1317 ad
1861 1288 1895 1314 15

354 1334 572 1376 Saxonum
597 1333 814 1387 principes
844 1334 1018 1376 missam
1051 1334 1149 1386 HI,
1174 1338 1241 1375 70.
1275 1333 1395 1376 nobis
1425 1333 1646 1376 servavit?

493 1394 551 1435 In
597 1390 846 1446 temporibus
892 1392 1204 1446 antiquissimis
1249 1393 1428 1435 adumbi
1429 1392 1557 1435 andis
1599 1397 1646 1435 ut
1691 1393 1835 1435 solam

350 1467 466 1508 pene
506 1453 678 1494 famam
718 1466 804 1494 sese
844 1467 930 1494 esse
969 1456 1151 1494 secutum
1190 1451 1279 1505 ipse
1319 1453 1522 1494 testatur
1507 1466 1534 1504 2,
1581 1452 1644 1494 ita
1690 1451 1739 1494 in
1778 1451 1837 1494 iis

350 1526 457 1564 qucw
496 1515 727 1565 sequuntur
763 1526 783 1553 e
822 1511 1031 1553 maiorum
1070 1510 1273 1553 memoria
1285 1511 1313 1564 9,
1355 1525 1376 1553 e
1406 1511 1556 1564 populi
1595 1525 1773 1564 rumore,
1815 1525 1836 1553 e

351 1570 612 1613 carminibus
658 1570 904 1624 vulyaribus
941 1571 1074 1624 plura
1119 1570 1283 1623 recepit.
1367 1570 1486 1623 Quod
1535 1571 1584 1612 de
1629 1569 1836 1612 Hattonis
1859 1582 1895 1608 ρο

343 1629 533 1682 persidia
578 1629 626 1671 in
673 1630 979 1671 Adalberhtum
1026 1629 1228 1672 traditum
1275 1633 1396 1681 esset,
1450 1633 1662 1683 tamquam
1708 1629 1836 1684 vulgi

352 1795 386 1836 l)
421 1792 461 1827 P.
487 1793 520 1827 8.
642 1792 677 1837 2)
705 1793 872 1835 ‘Ruotyer
899 1794 975 1826 und
1005 1792 1068 1827 der
1091 1792 1279 1834 Aufstand
1308 1803 1373 1827 von
1403 1792 1489 1828 953'
1516 1792 1614 1835 apud
1637 1792 1834 1835 Βᾱᾱίηρον,

353 1839 682 1882 ‘Untersuchunqen
719 1850 788 1872 zur
819 1840 993 1874 mittleren
1029 1839 1244 1874 Geschichte'
1277 1839 1329 1881 ΙΙ,
1363 1842 1382 1876 1
1415 1841 1555 1882 (1871),
1586 1851 1625 1883 p.
1661 1841 1718 1875 38.
1778 1838 1834 1881 Cf.

352 1888 457 1928 infra
488 1898 523 1930 p.
552 1888 631 1927 105,
664 1898 699 1921 n.
729 1889 758 1922 1.
903 1888 940 1931 3)
979 1887 1032 1929 Cf.
1068 1887 1204 1931 Kopke,
1231 1887 1464 1920 ‘Widulcind’
1491 1898 1530 1930 p.
1555 1888 1604 1922 44
1623 1897 1702 1930 sq.,·
1734 1886 1835 1928 idem,

351 1934 530 1967 ‘Hrotsuit
554 1944 620 1967 von
639 1934 907 1968 Gandersheim’
924 1937 985 1976 (Ξ
1006 1934 1216 1969 ‘Ottonische
1238 1934 1396 1968 Studien’
1414 1934 1461 1967 II
1472 1934 1628 1978 [1869])
1647 1945 1686 1978 p.
1704 1934 1752 1969 94
1762 1943 1835 1977 sqq.
1861 1939 1896 1966 25

350 1983 387 2025 4)
424 1981 455 2023 Ι,
485 1983 538 2016 19.
575 1982 615 2014 de
645 1981 828 2024 Unyariis,
862 1981 892 2023 Ι,
919 1983 976 2017 22.
1011 1982 1052 2015 de
1076 1981 1291 2015 Adalberhti
1322 1985 1442 2023 morte,
1477 1981 1507 2024 Ι,
1535 1983 1591 2016 37.
1624 1981 1665 2014 de
1689 1981 1837 2023 familia

351 2028 492 2063 Edidis.
519 2048 562 2052 —
588 2028 724 2062 Nostra
749 2030 787 2061 in
811 2029 970 2069 editione,
996 2029 1058 2064 SS.
1077 2029 1150 2064 III.
1173 2033 1204 2062 et
1226 2028 1288 2063 SS.
1306 2039 1338 2063 r.
1358 2028 1400 2064 G.
1424 2029 1636 2071 (recoynovit
1653 2027 1838 2061 Diimmler

353 2077 456 2119 1877,
483 2075 670 2108 secundum
695 2086 802 2119 quam
826 2077 986 2119 sinyulos
1010 2077 1100 2110 locos
1124 2077 1257 2119 afferre
1280 2075 1396 2119 soleo),
1420 2077 1539 2119 capita
1559 2076 1652 2108 male
1668 2078 1837 2119 separata

350 2127 446 2164 sunt,
472 2124 557 2166 quia
582 2127 687 2166 caput
714 2124 768 2158 14.
791 2124 948 2167 positum
973 2127 1021 2157 est
1045 2123 1109 2159 bis.
1157 2123 1290 2156 Tamen
1315 2123 1406 2156 hanc
1422 2123 1638 2156 numerandi
1651 2124 1838 2164 rationem,

350 2174 389 2203 ut
419 2170 643 2211 confusiones
675 2172 852 2212 evitarem,
887 2170 977 2204 mihi
1010 2182 1079 2204 esse
1113 2170 1334 2204 obtinendam
1366 2171 1495 2205 censui.
1639 2170 1675 2214 5)
1710 2170 1756 2202 W
1753 2170 1837 2210 aitz‚
1862 2177 1898 2202 30

351 2217 509 2251 OEorsch.
541 2229 572 2251 z.
606 2218 652 2252 D.
686 2217 818 2252 Gesch.'
850 2218 918 2260 IX,
948 2229 988 2260 p.
1014 2219 1084 2253 339
1101 2228 1195 2261 sqq.,·
1229 2218 1295 2252 Br.
1330 2217 1428 2258 Zint,
1463 2216 1590 2250 ‘Ueber
1623 2215 1838 2250 Roswitha's

353 2265 503 2298 Carmen
536 2264 577 2297 de
603 2265 711 2306 yestis
738 2263 907 2298 Oddonis'
933 2265 1100 2306 (Dissert.
1126 2264 1296 2307 Ko’niysb.
1331 2265 1439 2304 1875)
1469 2275 1506 2307 p.
1532 2265 1578 2298 ‘28
1595 2274 1667 2307 sqq.
1692 2265 1758 2306 313
1792 2262 1837 2296 ab

354 2310 542 2353 Ottenthal,
578 2311 661 2353 Bey.
695 2311 786 2354 Imp.
818 2311 869 2354 ΙΙ,
900 2313 1051 2354 passim.
1109 2311 1150 2344 P.
1183 2311 1224 2344 de
1254 2310 1480 2353 W'interfeld‚
1515 2312 1578 2354 qui
1607 2310 1838 2344 Hrotsvithae

350 2368 457 2401 opera
481 2359 684 2401 nuperrime
708 2359 748 2391 in
771 2358 962 2392 collectione
985 2362 1109 2392 nostra
1133 2358 1251 2400 edidit,
1290 2361 1421 2391 certum
1446 2358 1488 2391 de
1512 2358 1578 2391 hac
1602 2368 1642 2391 re
1665 2358 1838 2391 iudicium

350 2415 422 2438 non
446 2405 537 2447 tulit,
573 2408 689 2438 tamen
708 2406 882 2448 privatim
906 2415 1038 2439 mecum
1062 2406 1329 2439 communicavit
1351 2405 1422 2438 sibi
1445 2406 1584 2448 quidem
1609 2406 1725 2438 videri
1747 2415 1836 2439 non·
1863 2411 1897 2438 π

350 2452 464 2494 mella,
492 2462 580 2494 quae
604 2454 697 2485 miro
721 2462 888 2485 consensu
912 2454 1097 2496 utriusque
1122 2454 1219 2486 testis
1243 2457 1460 2495 narrantur,
1477 2463 1522 2486 ex
1539 2452 1661 2486 iisdem-
1678 2451 1838 2494 fontibus

351 2510 421 2533 esse
458 2499 599 2534 hausta.
732 2498 767 2544 6)
806 2500 890 2532 Nisi
924 2501 1042 2543 ipsum
1079 2500 1139 2533 his
1175 2501 1283 2533 annis
1318 2500 1493 2543 quaedam
1531 2500 1642 2541 fastis
1678 2499 1839 2533 intulisse

350 2546 540 2580 credideris
548 2557 564 2587 ,·
587 2557 659 2580 non
684 2547 798 2580 multa
814 2558 891 2580 cam
908 2548 955 2580 iis
971 2547 1072 2581 habet
1088 2548 1287 2581 communia
1303 2548 1530 2590 (praesertim
1549 2547 1579 2589 Ι,
1598 2548 1654 2583 36.
1679 2546 1754 2589 ΙΙΙ,
1772 2547 1837 2590 63;

351 2594 409 2627 sed
434 2604 548 2627 omnes
574 2594 662 2627 locos
687 2595 884 2637 annotavi).
911 2615 958 2618 —
983 2594 1129 2628 Priores
1153 2594 1302 2628 annales
1328 2594 1548 2627 Corbei'enses
1572 2594 1769 2637 deperditos
1793 2592 1838 2627 ab

351 2651 388 2674 eo
413 2650 482 2673 esse
507 2644 699 2685 usurpatos
722 2642 895 2675 contendit
919 2641 1045 2684 Ko‘pke
1070 2652 1108 2684 p.
1135 2643 1191 2676 36.
1218 2643 1273 2676 37.
1381 2643 1416 2684 7)
1445 2641 1505 2675 Ad
1531 2639 1666 2675 Ottonis
1689 2650 1837 2674 comma·
1862 2647 1897 2673 40

351 2689 477 2721 tionem
503 2688 763 2721 describendam
787 2690 941 2732 antiqua
965 2689 1125 2731 formula
1150 2699 1227 2722 eum
1251 2699 1355 2721 usum
1379 2699 1450 2721 esse
1473 2688 1581 2721 voluit
1605 2688 1734 2730 Waite,
1759 2687 1838 2720 ‘Die

351 2735 518 2768 Formeln
543 2736 607 2768 der
631 2735 825 2769 Deutschen
850 2735 1026 2779 Ko'niysko
1028 2736 1171 2779 bnmzy'
1195 2737 1233 2768 in
1259 2735 1556 2778 ‘Abhandlunqen
1578 2735 1642 2769 der
1657 2734 1740 2777 Kyl.
1759 2733 1836 2768 Ges.

351 2783 414 2815 der
434 2782 539 2817 Wiss.
562 2793 608 2815 zu
628 2782 824 2825 Gb'ttinyen'
845 2785 947 2819 1873.
972 2785 1081 2826 p.29.
1125 2781 1836 2825 Cf.Maurenbrecher,‘Hist.Zeitschr.’

360 2829 557 2872 V(1861),
586 2841 625 2873 p.
653 2831 732 2871 152,
761 2841 796 2865 n.
820 2832 851 2865 7.
949 2830 985 2875 8)
1012 2831 1044 2872 Ι,
1071 2832 1103 2865 2.
1155 2830 1208 2872 Cf.
1233 2830 1266 2872 I,
1296 2831 1360 2865 13.
1386 2826 1457 2873 Qui
1481 2831 1602 2863 autem
1626 2828 1709 2862 finis
1734 2838 1838 2872 reges

352 2878 496 2910 secutus
521 2875 577 2919 sit,
603 2876 688 2920 quia
712 2877 957 2911 memorabilis
982 2877 1106 2911 fama
1133 2879 1197 2920 est,
1232 2875 1386 2920 prodere
1421 2886 1494 2910 non
1527 2875 1695 2920 negligo3
1730 2875 1837 2910 ibid:
1860 2882 1897 2911 45

352 2921 393 2957 Si
418 2933 489 2966 qua
513 2922 603 2957 fides
628 2922 683 2957 his
709 2923 815 2958 dietis
841 2923 1066 2968 adhibeatur,
1091 2934 1204 2968 penes
1227 2923 1402 2957 lectorem
1427 2926 1492 2957 est.
1550 2922 1680 2956 Mirari
1713 2924 1838 2957 tamen

351 2980 424 3004 non
450 2980 638 3014 possumus
663 2970 700 3004 in
725 2973 867 3004 tantum
893 2970 1062 3005 famam
1088 2969 1308 3015 prevaluisse
1331 2973 1390 3006 etc.
1488 2971 1523 3012 9)
1547 2970 1577 3012 Ι,
1604 2972 1660 3006 12.
