2034 3380
389 352 574 389 RERUM
598 336 881 388 GESTARUM
905 349 1282 386 SAXONIOARUM
1305 349 1403 386 LIB.
1429 347 1481 385 Π.
1637 349 1681 384 79

192 475 399 517 conscius
431 488 671 517 causarum
703 486 871 527 equum
903 471 1123 521 ascendit,
1157 484 1283 512 arma
1308 471 1461 520 sumit,
1496 470 1682 511 circum-
1695 472 1776 507 941.

190 535 412 588 fususque
453 534 654 575 hostium
698 531 883 581 turmis,
924 543 1098 572 memor
1140 529 1360 584 pristinae
1400 529 1586 569 virtutis
1630 541 1682 569 ac

192 592 480 636 nobilitatisl
515 591 661 646 ‘elegit
707 591 823 631 mori
862 603 995 643 quam
1044 588 1335 630 inimicorum
1379 587 1683 628 dominationi

193 652 353 695 subici.
405 651 525 692 Nam
555 650 718 691 lancea
748 648 980 704 perfossus
1012 647 1242 696 occubuit,
1275 646 1344 687 vir
1365 646 1490 687 omni
1510 646 1682 686 virtute

152 728 169 754 5
194 725 246 753 ac
276 709 505 752 industria
536 708 711 750 civibus
744 721 876 750 carus
907 709 1045 761 atque
1078 706 1241 747 clarus.
1305 704 1488 746 Caeteri
1527 705 1683 745 autem

192 769 461 811 insidiarum
488 767 659 809 conscii
681 768 731 808 in
756 766 951 808 alteram
975 765 1306 807 ebdomadam*
1334 763 1612 804 differuntur
1638 764 1683 803 et

193 827 445 870 secundum
470 821 622 882 legesb
650 825 899 868 sceleribus
925 824 1018 866 suis
1043 823 1231 865 meritas
1257 835 1428 877 poenas
1455 821 1684 863 solventes

194 887 343 941 capite
371 886 640 927 caeduntur.
684 884 932 926 Heinricus
958 884 1114 924 autem
1134 882 1319 936 fugiens
1340 894 1481 935 regno
1505 880 1641 922 cessit
1656 880 1683 919 ².

334 944 540 986 XXXII.
590 943 657 985 Eo
691 957 811 985 anno
834 945 880 984 et
901 943 1118 997 portenta
1138 940 1363 995 quaedam
1385 941 1683 994 apparuerec,

136 1022 169 1047 ιο
194 1004 370 1046 scilicet
417 1005 622 1045 cometae
639 1003 667 1043 3.
744 1002 864 1043 Nam
912 1015 938 1042 a
984 1001 1147 1055 quinta
1193 999 1371 1041 decima
1417 994 1812 1040 Kalendasdmms.

194 1062 492 1104 Novembris⁰
530 1075 673 1116 usque
707 1061 757 1102 in
787 1061 909 1115 ipsas
941 1054 1206 1101 Kalendas‘l
1241 1058 1364 1100 visae
1396 1059 1517 1098 sunt.
1581 1055 1686 1107 Qui·
1702 1071 1776 1096 Noc.
1792 1072 1815 1097 1.

195 1122 279 1164 bus
310 1116 448 1163 visisf
473 1120 610 1161 multi
641 1119 857 1162 mortales
886 1118 1039 1161 territi
1060 1120 1141 1159 aut
1162 1117 1351 1158 nimiam
1373 1115 1686 1170 pestilentiam

194 1180 267 1222 vel
289 1183 411 1222 certe
431 1180 564 1234 regni
586 1179 890 1220 mutationem
912 1177 1202 1226 metuebant;
1231 1175 1476 1230 quoniamg
1501 1174 1685 1228 quidem

195 1241 301 1280 ante
332 1239 454 1293 regis
486 1237 695 1279 Heinrici
728 1250 960 1279 excessum
993 1235 1140 1276 multa
1181 1234 1391 1289 prodigia
1430 1235 1687 1275 monstrata

136 1315 169 1341 15
194 1299 314 1348 sunt,
346 1297 414 1339 ita
444 1299 498 1338 ut
529 1296 638 1338 solis
658 1296 876 1351 splendor
893 1294 1149 1336 forinsecus
1171 1288 1303 1335 aereh
1329 1293 1500 1346 absque
1525 1291 1686 1333 nubilo

195 1370 311 1412 pene
341 1355 498 1397 nullus
531 1350 818 1410 apparel-eti,
850 1353 1128 1395 intrinsecus
1160 1354 1316 1394 autem
1348 1365 1430 1406 per
1459 1351 1687 1392 fenestras

195 1417 434 1457 domorum
464 1414 634 1456 rubeus
664 1415 902 1467 tamquam
934 1412 1119 1467 sanguis
1150 1411 1491 1452 infunderetur.
1553 1410 1687 1450 Mons

195 1488 387 1529 quoque,
435 1473 516 1515 ubi
561 1474 659 1527 ipse
698 1486 850 1514 rerum
894 1470 1135 1513 dominus4
1176 1469 1384 1524 sepultus
1431 1471 1514 1519 est,
1562 1468 1687 1509 fama

51 1552 172 1585 ’zv-44⁷.
195 1533 412 1588 prodidit,
445 1532 554 1586 quia
584 1531 743 1572 multis
774 1531 824 1572 in
863 1531 975 1572 locis
1015 1530 1222 1571 flammas
1263 1530 1506 1571 evomeret.
1570 1527 1687 1568 *Ho-

137 1610 172 1636 20
197 1592 332 1633 minis
346 1590 363 1616 ⁵
394 1591 532 1633 etiam
575 1591 811 1632 cuiusdam
854 1603 1016 1630 manus
1057 1589 1244 1630 sinistra
1283 1587 1405 1629 ferro
1447 1588 1688 1641 amputata

196 1652 300 1706 post
341 1664 511 1691 annum
551 1650 649 1691 fere
689 1650 923 1703 integrum
962 1648 1180 1689 restituta
1221 1648 1290 1688 est
1337 1646 1380 1687 ei
1426 1644 1685 1693 dormienti,

197 1705 305 1764 quik
340 1723 423 1764 pro
464 1709 594 1763 signo
631 1707 844 1749 miraculi
882 1706 1134 1761 sanguinea
1173 1705 1297 1746 linea
1336 1705 1437 1746 loco
1479 1704 1686 1745 coniunc-

197 1768 337 1810 tionis
376 1768 641 1809 notabatur.
713 1766 805 1808 Sed
845 1768 1046 1808 cometas
1086 1764 1329 1806 inundatio
1371 1763 1513 1804 nimia
1558 1763 1688 1803 inun-
1701 1771 1781 1806 942.

198 1827 521 1880 dationemque
552 1826 692 1867 boum
722 1825 990 1880 pestilentia
1021 1824 1266 1865 subsecuta
1298 1824 1367 1864 est
1380 1822 1408 1862 ⁶.

139 1903 173 1929 25
260 1882 270 1885 ⁷
338 1885 571 1926 XXXIII.
634 1884 869 1925 Defuncto
909 1885 1065 1925 autem
1107 1877 1323 1924 Oddone¹
1364 1881 1688 1922 Lothariorum
1702 1888 1782 1923 944.

198 1943 407 2000 preside⁷
448 1957 500 1985 ac
539 1944 660 1999 regis
701 1945 912 1998 nepotem
948 1942 1168 1984 Heinrico
1182 1941 1210 1991 ⁸,
1254 1941 1448 1982 ducatus
1489 1939 1688 1994 regionis

200 2004 466 2046 conceditur
498 2002 802 2051 Ouonrado¹¹;
845 2002 921 2043 cui
958 2003 1005 2042 et
1044 2001 1229 2042 unicam
1260 1999 1402 2040 filiam
1444 2012 1574 2040 suam
1610 2011 1689 2039 rex

198 2120 228 2148 a)
245 2118 286 2142 sic
303 2118 341 2143 A.
360 2117 424 2142 Β1.
443 2117 474 2144 C.
495 2117 592 2147 διε-το,-
612 2114 702 2141 hebd.
716 2116 776 2143 32.
840 2114 871 2147 b)
890 2115 963 2147 legis
977 2115 1008 2140 C.
1074 2114 1101 2147 c)
1120 2121 1268 2146 apparens
1280 2114 1309 2140 C.
1373 2113 1403 2144 d)
1422 2113 1483 2139 XV.
1503 2112 1545 2140 ki.
1561 2112 1605 2141 A;
1623 2111 1691 2138 Kal.

200 2154 289 2180 Saxo.
373 2152 402 2184 e)
427 2141 523 2180 Nossb.
546 2152 593 2182 A,·
620 2151 803 2176 Nouembres
828 2151 903 2182 323
931 2150 1092 2175 nouenbris
1118 2150 1206 2176 Saxo.
1297 2149 1322 2179 f)
1345 2148 1426 2173 uisus
1445 2151 1530 2174 mort.
1554 2147 1641 2172 multi
1660 2147 1690 2174 C.

141 2193 176 2218 30
199 2188 230 2222 g)
254 2189 295 2213 sic
312 2188 362 2213 Bl
383 2190 408 2213 et
427 2188 519 2219 Saxo,
546 2187 596 2219 qui
614 2189 674 2211 tum
693 2184 813 2217 quidem
832 2186 952 2216 omina,-
978 2192 1036 2216 quo
1055 2186 1092 2210 A.
1113 2185 1151 2214 C',·
1175 2184 1328 2215 Quomodo
1347 2183 1416 2216 1323
1439 2183 1511 2214 (φῆ
1535 2183 1566 2206 in
1591 2182 1690 2206 arche-

200 2226 267 2256 typo
285 2224 423 2255 scriptum
441 2223 532 2253 fuisse
549 2222 657 2247 conicio
676 2221 784 2254 H.-E.).
857 2220 888 2252 h)
907 2227 1007 2246 aerem
1026 2220 1052 2245 B
1063 2221 1088 2248 1.
1157 2219 1177 2252 i)
1196 2221 1341 2251 appareat
1359 2219 1391 2244 G.
1459 2218 1491 2249 k)
1509 2218 1549 2243 sic
1568 2220 1593 2242 et
1613 2217 1690 2248 Saye-

201 2260 287 2290 bert.,·
306 2266 363 2290 que
382 2259 471 2285 Saxo.
539 2258 560 2288 l)
580 2260 680 2283 ottone
699 2257 736 2284 A.
755 2257 841 2282 Frut.
861 2256 960 2287 Saoeo;
980 2256 1084 2282 Udone
1103 2255 1130 2280 B
1148 2255 1176 2281 2.
1249 2254 1290 2288 m)
1309 2261 1366 2286 seq.
1384 2252 1514 2279 conrado
1533 2260 1607 2280 eras.
1626 2253 1690 2278 Β1.

199 2295 231 2326 n)
250 2293 379 2320 conrado
398 2294 434 2322 A.
453 2294 482 2321 C.
501 2293 599 2324 Saxo;
617 2292 795 2318 chuonrado
813 2292 876 2320 132.
893 2292 978 2319 Frui.

201 2377 236 2421 1)
263 2376 409 2411 Sallust.
437 2375 512 2411 Cat.
537 2386 564 2411 c.
584 2376 650 2411 58:
680 2373 946 2419 aggrediamini
970 2383 1150 2407 memores
1174 2371 1349 2417 pristinae
1374 2370 1539 2414 virtutis;
1577 2381 1604 2406 c.
1623 2372 1688 2406 60:

142 2435 176 2461 35
198 2422 363 2458 veterani
386 2422 561 2467 pristinae
586 2421 730 2456 virtutis
755 2431 953 2462 memores;
979 2420 1086 2455 ibid.:
1112 2418 1272 2453 Catilina
1297 2447 1304 2454 .
1325 2447 1332 2455 .
1353 2447 1359 2454 .
1384 2429 1527 2452 memor
1547 2417 1690 2462 generis

201 2473 309 2514 atque
333 2469 508 2514 pristinae
534 2480 619 2503 suae
644 2467 842 2513 dignitatis,
894 2468 948 2510 Cf.
974 2469 1078 2510 infra
1103 2467 1179 2510 III,
1198 2468 1264 2502 69:
1295 2477 1370 2500 non
1403 2466 1584 2499 inmemor
1616 2465 1690 2508 pri-

201 2517 316 2551 stinae
339 2516 540 2550 nobilitatis
566 2527 608 2550 ac
632 2515 788 2551 virtutis,
900 2514 937 2559 2)
973 2515 1040 2549 Sed
1059 2515 1170 2557 paulo
1189 2517 1273 2557 post
1295 2517 1419 2556 captus
1443 2517 1475 2546 et
1498 2513 1692 2546 custoditus

201 2565 258 2597 die
280 2564 399 2597 natali
431 2574 464 2598 a.
488 2564 569 2599 941.
602 2564 642 2596 in
674 2564 836 2605 qratiam
868 2566 1025 2605 receptus
1058 2565 1128 2603 e3t,·
1164 2562 1259 2604 quod
1291 2560 1532 2593 Widukindus
1563 2560 1690 2594 omisit.

201 2611 238 2656 3)
266 2610 320 2653 Cf.
346 2611 440 2645 Arm.
467 2610 570 2643 Corb.
596 2620 630 2644 a.
648 2611 737 2645 941:
763 2608 935 2643 Cometae
960 2608 1148 2652 apparuit;
1177 2619 1211 2643 a.
1230 2609 1319 2644 942:
1345 2606 1542 2641 Inundatio
1566 2605 1690 2640 nimia.

142 2669 178 2694 40
202 2658 237 2703 4)
264 2658 296 2693 Ι.
321 2669 348 2693 e.
373 2657 587 2699 Ham-iou&
610 2658 656 2699 cf.
681 2666 796 2699 supra
817 2667 856 2699 p.
876 2657 908 2699 1,
936 2656 958 2691 Ζ.
979 2657 1033 2691 18.
1060 2659 1091 2690 et
1115 2666 1151 2690 n.
1169 2656 1202 2690 2.
1244 2655 1340 2688 Erat
1364 2654 1520 2696 sepultus
1545 2654 1585 2685 in
1608 2654 1691 2685 civi-

201 2709 272 2739 tate
298 2705 541 2747 Quedlinbtcry
564 2706 604 2737 in
637 2703 788 2736 basilica
820 2704 938 2736 sancti
959 2702 1069 2737 Petri.
1190 2702 1226 2746 5)
1262 2701 1339 2734 Hoc
1372 2700 1586 2733 miraculum
1619 2710 1691 2733 mm

201 2752 513 2786 Heinrici‘mwtis
536 2755 697 2793 tempore,
722 2750 782 2783 sed
805 2750 863 2783 his
887 2751 996 2783 annis
1019 2751 1153 2791 factum
1179 2759 1248 2782 esse
1273 2759 1315 2782 ex
1331 2747 1537 2781 Flodoardo
1557 2758 1590 2781 a.
1609 2747 1690 2789 944,

204 2799 268 2834 SS.
288 2799 362 2842 III,
383 2811 421 2842 p.
439 2800 520 2841 391,
547 2802 709 2841 apparet.
817 2796 852 2841 6)
881 2797 934 2838 Cf.
962 2796 1218 2837 Curschmann,
1256 2793 1522 2837 ‘Hunyersunffte’
1542 2805 1581 2837 p.
1601 2795 1692 2836 106,-

203 2846 337 2888 Laaer,
364 2846 425 2879 ‘Le
447 2845 553 2888 reque
578 2846 619 2879 de
635 2845 747 2878 Leuis
763 2843 845 2879 IV!
867 2854 905 2886 p.
923 2845 981 2886 83,
1007 2854 1042 2878 n.
1060 2844 1094 2878 2.
1179 2843 1212 2885 7)
1233 2841 1389 2875 Ottonem
1414 2842 1533 2874 ducem
1558 2851 1590 2875 a.
1610 2841 1690 2876 944.

145 2903 180 2928 45
204 2896 382 2926 mortuum
397 2903 469 2927 esse
484 2893 713 2926 flodoardus
729 2891 764 2926 h.
783 2901 816 2926 a.
834 2891 948 2923 tradit
958 2905 969 2932 ;
992 2890 1089 2924 Cont.
1107 2889 1301 2932 Reyinonis
1324 2892 1470 2922 mortem
1493 2890 1533 2921 in
1557 2899 1591 2923 a.
1609 2889 1690 2923 943.

206 2940 358 3019 callim-at.
464 2940 502 2980 8)
533 2939 720 2973 Giselberti
744 2938 818 2980 filio
842 2938 907 2981 (cf.
932 2947 1048 2980 supra
1067 2947 1106 2980 p.
1126 2937 1184 2978 76,
1212 2937 1234 2971 l.
1254 2937 1367 2979 7sq.)‚
1393 2935 1434 2968 de
1457 2937 1559 2968 cuius
1582 2938 1692 2969 morte

205 2988 245 3020 ni
272 2987 301 3019 il
323 2990 467 3022 constat.
